<!DOCTYPE html>
<html lang="fr">
              
          
  <head>
          <meta charset="utf-8">
      <title>    Cave à vins : Boissons pas cher en Livraison et Drive</title>
      <meta name="description" content="Retrouvez toutes nos offres et promotions dans le rayon Cave à vins. Faites vos courses en ligne aux mêmes prix qu'en magasin et faites vous livrer ou retirez rapidement vos courses dans votre magasin.">
                    <link rel="canonical" href="https://www.carrefour.fr/r/boissons/cave-a-vins"  />
                        <meta property="og:type" content="product.group">
                      <meta property="og:site_name" content="Carrefour.fr">
                                <meta property="og:url" content="/r/boissons/cave-a-vins">
                                <meta property="og:title" content="    Cave à vins : Boissons pas cher en Livraison et Drive">
                                <meta property="og:description" content="Retrouvez toutes nos offres et promotions dans le rayon Cave à vins. Faites vos courses en ligne aux mêmes prix qu'en magasin et faites vous livrer ou retirez rapidement vos courses dans votre magasin.">
                                <meta property="og:image" content="https://static-cms.carrefour.fr/sites/default/files/2020-02/2880x360-ban-plp-alcools.jpg?itok=yWffXxVM">
                    <meta name="twitter:card" content="summary_large_image">
                      <meta name="twitter:description" content="Retrouvez toutes nos offres et promotions dans le rayon Cave à vins. Faites vos courses en ligne aux mêmes prix qu&#039;en magasin et faites vous livrer ou retirez rapidement vos courses dans votre magasin.">
                                <meta name="twitter:title" content="    Cave à vins : Boissons pas cher en Livraison et Drive">
                                <meta name="twitter:image" content="https://static-cms.carrefour.fr/sites/default/files/2020-02/2880x360-ban-plp-alcools.jpg?itok=yWffXxVM">
                        <meta name="twitter:site" content="@CarrefourFrance">
      <meta name="MobileOptimized" content="width">
      <meta name="HandheldFriendly" content="true">
      <meta hash="fcd0e4aa91ed4215dfbdebc50924406bbcfa97fb">
              <meta name="viewport" content="width=device-width,initial-scale=1">
          
    <link rel="preload" href="https://fonts.gstatic.com/s/ubuntu/v13/4iCv6KVjbNBYlgoC1CzjsGyNPYZvgw.woff2" type="font/woff2" as="font" crossorigin="anonymous"  />
    <link rel="preload" href="https://fonts.gstatic.com/s/ubuntu/v13/4iCs6KVjbNBYlgoKfw72nU6AFw.woff2" type="font/woff2" as="font" crossorigin="anonymous"  />
    <link rel="preload" href="https://fonts.gstatic.com/s/opensans/v15/mem8YaGs126MiZpBA-UFVZ0bf8pkAg.woff2" type="font/woff2" as="font" crossorigin="anonymous"  />
    <link rel="preload" href="https://fonts.gstatic.com/s/opensans/v15/mem5YaGs126MiZpBA-UN_r8OUuhpKKSTjw.woff2" type="font/woff2" as="font" crossorigin="anonymous"  />

    
    
      <link rel="preload" href="/css/app.80a304ad76c947df6dd9.59b2543fd670d0b7d9d8e5b3f6dae876-1.css?533423afc72001abb59f" as="style"  />
    
      <link rel="preload" href="/css/app.80a304ad76c947df6dd9.59b2543fd670d0b7d9d8e5b3f6dae876-2.css?533423afc72001abb59f" as="style"  />
    
      <link rel="preload" href="/css/app.80a304ad76c947df6dd9.59b2543fd670d0b7d9d8e5b3f6dae876-3.css?533423afc72001abb59f" as="style"  />
    
  
  
  <script>
    window.context = {};
    window.context.links = {"search":"\/s","autocomplete":"\/autocomplete","promotions":"\/promotions","navigation":"\/navigation","recommendation":"\/api\/recommendations","recommendationZones":"\/api\/v1\/recommendations","login":"\/mon-compte\/login","logout":"\/logout","register":"\/mon-compte\/inscription","myAccount":"\/mon-compte","userDetails":"\/mon-compte\/informations","userApiMe":"\/api\/me","storeLocator":"\/magasin","catalog":"\/catalogue","shoppingList":"\/mon-compte\/listes","shoppingListApi":"\/api\/shopping-lists\/:slug","shoppingListItem":"\/mon-compte\/listes\/:slug","shoppingFrequentList":"\/mon-compte\/achats-frequents","shoppingListFavorite":"\/api\/shopping-lists\/favorite","storeLocatorApi":"\/geoloc","storeLocatorZoneCity":"\/magasin\/ville\/inseeCode","storeLocatorZoneRegion":"\/magasin\/region\/inseeCode","storeLocatorZoneDepartment":"\/magasin\/departement\/inseeCode","timeslots":"\/api\/timeslots","firstSlot":"\/api\/firstslot","currentEvents":"\/offres-du-moment","homepage":"\/","diagnosis":"\/faq","mapApi":"AIzaSyBwAZ99kRs1I9WNNtZvG7-KjhkY2WHPSwo","woosmapApiKey":"woos-26fe76aa-ff24-3255-b25b-e1bde7b7a683","slot":"\/api\/cart\/slot","simulate":"\/api\/cart\/simulate","cart":"\/cart","apiCart":"\/api\/cart","subBasketSaveForLater":"\/cart\/save-for-later","attachSlot":"\/api\/cart\/attach-slot","drugstore":"\/boutique\/parapharmacie","setStore":"\/set-store\/{ref}","exceptionalOpenings":"\/magasin\/ouvertures-exceptionnelles","legal":"\/mentions-legales","cookies":"\/cookies","conditionsGeneralesUtilisation":"\/conditions-generales-utilisation","ourBrands":"\/marques","loyaltyClubs":"\/services\/carte-carrefour\/primes","loyaltyConditions":"\/services\/carte-carrefour\/conditions-generales","serviceDrive":"\/services\/drive","serviceClcv":"\/services\/livraison-domicile","serviceMarketplace":"\/services\/carrefour-marketplace","faqDrive":"\/faq\/drive","personalDataProtectionPolicy":"\/articles\/politique-generale-protection-donnees-personnelles","apiRedressAddress":"\/api\/address\/validate","apiSaveBillingAddress":"\/api\/address\/facturation","apiSaveDeliveryAddress":"\/api\/address\/livraison","checkConflictAddress":"\/api\/user\/address\/conflict","editAddress":"\/api\/user\/address\/:address-type","addresses":"\/mon-compte\/mes-adresses","formsTokenApi":"\/api\/user\/forms\/getAddressCsrfToken","self":{"path":"\/r\/boissons\/cave-a-vins"},"backUrl":"https:\/\/www.carrefour.fr\/magasin\/brest","apiEligibility":"\/api\/eligibility","customerService":"https:\/\/carrefour-one.custhelp.com\/?service=le_site_internet","smartAppBannerLink":"https:\/\/carrefour.onelink.me\/1251175874\/4ef319cf","loyaltyPrimesPartner":"https:\/\/www.orias.fr","actForFood":"\/engagements\/act-for-food","cgu":"\/conditions-generales-carte-carrefour","rays":"\/r","cartConflictResolver":"\/api\/cart-conflict-resolver","cartStoreConflictOptions":"\/api\/cart-conflict-options","shoppingListsSummary":"\/api\/shopping-lists","frequentPurchasesOnlineSummary":"\/api\/user\/shopping-lists\/frequent-purchases\/online","frequentPurchasesOfflineSummary":"\/api\/user\/secured\/loyalty\/shopping-lists\/frequent-purchases\/offline","frequentPurchasesOnlineItems":"\/api\/user\/shopping-lists\/frequent-purchases\/online\/items","frequentPurchasesOfflineItems":"\/api\/user\/secured\/loyalty\/shopping-lists\/frequent-purchases\/offline\/items","apiUpdatePrimes":"\/api\/user\/secured\/loyalty\/primes","apiGetPrimesData":"\/api\/primes","primes":"\/mon-compte\/fidelite\/mes-primes","loyaltyBonusesActive":"\/r?filters%5Bfacet_promotions%5D%5B0%5D=Prime%20March%C3%A9&filters%5Bfacet_promotions%5D%5B1%5D=Prime%20famille&filters%5Bfacet_promotions%5D%5B2%5D=Prime%20bio&filters%5Bfacet_promotions%5D%5B3%5D=Prime%20b%C3%A9b%C3%A9&filters%5Bfacet_promotions%5D%5B4%5D=Prime%20animaux&0=noRedirect%3D0","orderList":"\/mon-compte\/mes-achats","loyaltyRegistration":"\/mon-compte\/inscription-fidelite","loyaltySummary":"\/api\/user\/secured\/loyalty\/balance","loyaltyTransactionSummary":"\/api\/user\/secured\/loyalty\/balance-transaction","loyaltyCardAdvantage":"\/services\/carte-carrefour","nutriscoreEditorial":"\/engagements\/nutri-score","staticMapSigning":"\/static-map-sign","alertingBanner":"\/api\/alerting-banner","alertingBannerCookie":"\/api\/set-cookie","attachLoyaltyCardPage":"\/mon-compte\/ma-carte","loyaltyPage":"\/mon-compte\/fidelite","walletPage":"\/mon-compte\/mes-moyens-de-paiement","attachLoyaltyCard":"\/api\/user\/attach-loyalty-card","checkLoyaltyCard":"\/api\/user\/check-loyalty-card","sendLoyaltyCardOneTimePassword":"\/api\/user\/send-otp-loyalty-card","checkLoyaltyCardOneTimePassword":"\/api\/user\/check-otp-loyalty-card","secureLoyaltyCard":"\/api\/user\/loyalty\/secure-loyalty-card","secureLoyaltyCardPage":"\/mon-compte\/fidelite\/securiser-ma-carte","setLoyaltyCardSecretCode":"\/api\/user\/loyalty-secret-code","detachLoyaltyCard":"\/api\/user\/loyalty\/detach-loyalty-card","getLoyaltyCardMedias":"\/api\/user\/medias-loyalty-card","activateLoyaltyCard":"\/api\/user\/activate-loyalty-card","createLoyaltyCard":"\/api\/user\/create-loyalty-card","storeRegion":"\/evenements\/boutique-region","orderAgainPage":"\/mon-compte\/mes-achats\/en-ligne\/commander\/:orderNumber","clickAndCollectOrderAgainPage":"\/mon-compte\/mes-achats\/retrait-2h\/commander\/:orderNumber","onlineOrderDetails":"\/mon-compte\/mes-achats\/en-ligne\/:orderNumber","clickAndCollectOrderDetails":"\/mon-compte\/mes-achats\/retrait-2h\/:orderNumber","getRefundOrderItemsPage":"\/mon-compte\/mes-achats\/remboursement\/:orderNumber","marketplaceOrderDetailsPage":"\/mon-compte\/mes-achats\/marketplace\/:orderNumber\/:subOrderNumber","offlineOrderDetails":"\/mon-compte\/mes-achats\/en-magasin\/:gln\/:date\/:orderNumber","apiOnlineOrders":"\/api\/user\/orders","apiOfflineOrders":"\/api\/user\/secured\/loyalty\/orders\/offline","apiOnlineOrderDetails":"\/api\/user\/orders\/drive-clcv\/:orderNumber","checkonlyOffers":"\/api\/checkonly\/offers","apiSubstitutions":"\/api\/substitutions","apiCouponsList":"\/api\/user\/loyalty\/coupon-collection","apiCouponProducts":"\/api\/user\/loyalty\/coupons\/products\/:couponEan","apiCouponDetails":"\/api\/user\/loyalty\/coupons\/coupon\/:gtin","shoppingListGSAItemCount":"\/api\/shopping-lists\/gsa\/item-count","coupons":"\/mon-compte\/fidelite\/mes-coupons","validateBasket":"\/api\/basket\/{serviceId}\/validate","createOrder":"\/api\/basket\/{serviceId}\/order","timeSlotFinder":"\/api\/timeslotfinder","storePsp":"\/api\/store-psp","consents":"\/mon-compte\/consentements","apiStore":"\/stores\/:ref","changeLoyaltySecretCode":"\/mon-compte\/fidelite\/changer-mon-code-secret","getCouponsSummary":"\/api\/user\/loyalty\/coupons-dashboard","getLoyaltyHistory":"\/mon-compte\/fidelite\/historique","getApiBasketRecommendations":"\/api\/checkout\/recommendations","getApiCustomRecommendations":"\/api\/user\/homepage\/recommendation","clickAndCollectRefundLink":"\/api\/user\/orders\/click-and-collect\/refund-link\/:orderNumber","loyaltyPromotions":"\/promotions?filters%5Bfacet_promotype%5D%5B0%5D=Cagnotte%20fid%C3%A9lit%C3%A9&noRedirect=0","loyaltyCardCgu":"\/api\/loyalty\/cgu","appleWallet":"\/api\/user\/secured\/loyalty\/apple-wallet","partnersListPage":"\/v","marketPlaceCheckout":"\/cart\/marketplace","marketplaceSaveAddress":"\/api\/checkout\/marketplace\/address\/:type","marketplaceSavePhoneNumber":"\/api\/checkout\/marketplace\/phone","marketplaceSelectShippingType":"\/api\/checkout\/marketplace\/shipping","checkoutValidateStep":"\/api\/checkout\/:type\/validate\/:step","innitEditorial":"\/engagements\/innit","tncMarketplace":"\/conditions-generales-utilisation-marketplace","addPendingOffer":"\/api\/cart-add-pending-offer","apiLeonActivated":"\/api\/user\/secured\/loyalty\/leon\/activated","apiLeonDashboard":"\/api\/user\/secured\/loyalty\/leon\/dashboard","apiLeonList":"\/api\/user\/secured\/loyalty\/leon\/list","apiLeonOnSale":"\/api\/user\/secured\/loyalty\/leon\/on_sale","apiLeonSearch":"\/api\/user\/secured\/loyalty\/leon\/search","apiLeonProduct":"\/api\/user\/secured\/loyalty\/leon\/product","apiLeonNutriScan":"\/api\/leon\/nutri_scan","apiLeonForgotten":"\/api\/user\/secured\/loyalty\/leon\/forgotten","allergoboxEditorial":"\/edito\/consotrust-allergobox","apiClearSubBaskets":"\/api\/cart\/clear-subbaskets","getMarketplaceOrderDetails":"\/api\/user\/orders\/marketplace\/:orderNumber\/:subOrderNumber","getClickAndCollectOrderDetails":"\/api\/user\/orders\/click-and-collect\/:orderNumber","critizrHost":"https:\/\/critizr.com","userApiInnitCreate":"\/api\/user\/innit\/profile","userApiInnitDelete":"\/api\/user\/innit\/profile","frequentPurchasesCatalog":"\/achats-frequents","deleteBasketAnonymous":"\/api\/basket\/anonymous","innitOnboarding":"\/innit","apiGetInnitCustomScore":"\/api\/user\/innit\/scores\/:gtin","apiGetInnitMultiCustomScore":"\/api\/user\/innit\/scores","innitProfil":"\/mon-compte\/innit","oneCarrefourFacebookUrl":"https:\/\/fr-fr.facebook.com\/carrefour","searchMandar":"\/r?filters%5Bfacet_marque%5D%5B0%5D=MANDAR","catalogReservationForm":"\/evenements\/recapitulatif-reservation","vouchers":"\/api\/cart\/vouchers"}
    window.context.navigation = {"hasPromotions":true,"tree":[{"name":"Promotions","code":"promotions","id":"promotions","type":"RAYON","picto":null,"level":1,"sellerId":null,"slug":"","selected":false,"children":[{"name":"D\u00e9stockage Jouets","code":"currentevent0","id":"currentevent0","type":"RAYON","picto":"https:\/\/static-cms.carrefour.fr\/sites\/default\/files\/2020-12\/destockage-jouets-s53-mobile_580x290.jpg?itok=lpVdLKPA","level":1,"sellerId":null,"slug":"","selected":false,"target":"_blank","children":null,"link":"https:\/\/jouetsdenoel.carrefour.fr"},{"name":"Le blanc","code":"currentevent1","id":"currentevent1","type":"RAYON","picto":"https:\/\/static-cms.carrefour.fr\/sites\/default\/files\/2020-10\/services-gtf-desktop_1380x690_5.jpg?itok=gFna26qn","level":1,"sellerId":null,"slug":"","selected":false,"children":null,"link":"\/evenements\/le-blanc"},{"name":"Epiphanie ","code":"currentevent2","id":"currentevent2","type":"RAYON","picto":"https:\/\/static-cms.carrefour.fr\/sites\/default\/files\/2021-01\/viva-italia-pastille_nav_2019_2.jpg?itok=tb8HyvSA","level":1,"sellerId":null,"slug":"","selected":false,"children":null,"link":"https:\/\/www.carrefour.fr\/evenements\/epiphanie"},{"name":"Surgel\u00e9s","code":"currentevent3","id":"currentevent3","type":"RAYON","picto":"https:\/\/static-cms.carrefour.fr\/sites\/default\/files\/2021-01\/viva-italia-pastille_nav_2019.jpg?itok=-5HjGYeP","level":1,"sellerId":null,"slug":"","selected":false,"children":null,"link":"\/boutique\/surgeles"},{"name":"Sp\u00e9cial boucherie","code":"currentevent4","id":"currentevent4","type":"RAYON","picto":"https:\/\/static-cms.carrefour.fr\/sites\/default\/files\/2021-01\/viva-italia-pastille_nav_2019_3.jpg?itok=YG0oASBS","level":1,"sellerId":null,"slug":"","selected":false,"children":null,"link":"\/boutique\/foire-a-la-viande"},{"name":"Maxi format, Mini prix","code":"currentevent5","id":"currentevent5","type":"RAYON","picto":"https:\/\/static-cms.carrefour.fr\/sites\/default\/files\/2021-01\/viva-italia-pastille_nav_2019_0.jpg?itok=TEhTv8iC","level":1,"sellerId":null,"slug":"","selected":false,"children":null,"link":"\/evenements\/formats-eco"},{"name":"Bons plans High Tech","code":"currentevent6","id":"currentevent6","type":"RAYON","picto":"https:\/\/static-cms.carrefour.fr\/sites\/default\/files\/2020-10\/2020-07-20.jpg?itok=cFKjkj_a","level":1,"sellerId":null,"slug":"","selected":false,"children":null,"link":"\/edito\/high-tech-maison-loisirs"}],"panel":{"code":"catalogues","name":"Catalogues","children":{"catalogues_25543":{"code":"catalogues_25543","link":"\/catalogue\/carrefour\/hypermarche-5604_000_2021-LJI090ou","image":"https:\/\/medias-prod2-carrefour.e-catalogues.pro\/images\/150e\/25543\/cover.jpg","startDate":"2021-01-19T12:00:00","endDate":"2021-01-31T23:59:00","name":"Manger Sain Janvier"},"catalogues_25460":{"code":"catalogues_25460","link":"\/catalogue\/carrefour\/hypermarche-5690_000_2021-PaRA09lo","image":"https:\/\/medias-prod2-carrefour.e-catalogues.pro\/images\/150e\/25460\/cover.jpg","startDate":"2021-01-04T12:00:00","endDate":"2021-02-02T23:59:00","name":"Ma Parapharmacie"},"catalogues_25470":{"code":"catalogues_25470","link":"\/catalogue\/carrefour\/hypermarche-Beaute1-5610_000_2021-Bhdgbhv7","image":"https:\/\/medias-prod2-carrefour.e-catalogues.pro\/images\/150e\/25470\/cover.jpg","startDate":"2021-01-05T12:00:00","endDate":"2021-01-18T23:59:00","name":"VOTRE QUOTIDIEN BEAUTE - Routines bio et naturelles"},"catalogues_26544":{"code":"catalogues_26544","link":"\/catalogue\/carrefour\/hypermarche-RENFORTMDC-5660_000_2021-TezYT83j","image":"https:\/\/medias-prod2-carrefour.e-catalogues.pro\/images\/150e\/26544\/cover.jpg","startDate":"2021-01-05T12:00:00","endDate":"2021-01-12T23:59:00","name":"LES JOURS TOTALEMENT CARROUF-Le meilleur des marques Carrefour \u00e0 petit prix"}},"link":"\/catalogue"},"link":"\/promotions"},{"name":"Nos vendeurs partenaires","code":"R01","id":"27992","type":"RAYON","picto":"https:\/\/media.carrefour.fr\/medias\/a78dec5265fc391ab993a6646d34a331\/p_96x96\/27992.jpg","level":1,"sellerId":null,"slug":"vendeurs-partenaires-carrefour","selected":false,"children":[{"name":"Made in France","code":"R01F02","id":"29196","type":"RAYON","picto":null,"level":2,"sellerId":null,"slug":"made-in-france","selected":false,"children":[{"name":"\u00c9picerie sal\u00e9e ","code":"R01F02SF01","id":"29197","type":"RAYON","picto":null,"level":3,"sellerId":null,"slug":"epicerie-salee","selected":false,"children":null,"layers":"\/navigation\/29197\/layers","link":"\/r\/vendeurs-partenaires-carrefour\/made-in-france\/epicerie-salee"},{"name":"\u00c9picerie sucr\u00e9e","code":"R01F02SF02","id":"29198","type":"RAYON","picto":null,"level":3,"sellerId":null,"slug":"epicerie-sucree","selected":false,"children":null,"layers":"\/navigation\/29198\/layers","link":"\/r\/vendeurs-partenaires-carrefour\/made-in-france\/epicerie-sucree"},{"name":"Viandes & Poissons","code":"R01F02SF03","id":"29199","type":"RAYON","picto":null,"level":3,"sellerId":null,"slug":"viandes-poissons","selected":false,"children":null,"layers":"\/navigation\/29199\/layers","link":"\/r\/vendeurs-partenaires-carrefour\/made-in-france\/viandes-poissons"},{"name":"Surgel\u00e9s","code":"R01F02SF04","id":"29200","type":"RAYON","picto":null,"level":3,"sellerId":null,"slug":"surgeles","selected":false,"children":null,"layers":"\/navigation\/29200\/layers","link":"\/r\/vendeurs-partenaires-carrefour\/made-in-france\/surgeles"},{"name":"Boissons","code":"R01F02SF05","id":"29201","type":"RAYON","picto":null,"level":3,"sellerId":null,"slug":"boissons","selected":false,"children":null,"layers":"\/navigation\/29201\/layers","link":"\/r\/vendeurs-partenaires-carrefour\/made-in-france\/boissons"},{"name":"Produits Frais","code":"R01F02SF06","id":"29202","type":"RAYON","picto":null,"level":3,"sellerId":null,"slug":"produits-frais","selected":false,"children":null,"layers":"\/navigation\/29202\/layers","link":"\/r\/vendeurs-partenaires-carrefour\/made-in-france\/produits-frais"},{"name":"Fruits & L\u00e9gumes","code":"R01F02SF07","id":"29203","type":"RAYON","picto":null,"level":3,"sellerId":null,"slug":"fruits-legumes","selected":false,"children":null,"layers":"\/navigation\/29203\/layers","link":"\/r\/vendeurs-partenaires-carrefour\/made-in-france\/fruits-legumes"},{"name":"Hygi\u00e8ne et Beaut\u00e9","code":"R01F02SF08","id":"29204","type":"RAYON","picto":null,"level":3,"sellerId":null,"slug":"hygiene-beaute","selected":false,"children":null,"layers":"\/navigation\/29204\/layers","link":"\/r\/vendeurs-partenaires-carrefour\/made-in-france\/hygiene-beaute"}],"layers":"\/navigation\/29196\/layers","link":"\/r\/vendeurs-partenaires-carrefour\/made-in-france"},{"name":"Protection et Hygi\u00e8ne Covid ","code":"R01F03","id":"27993","type":"RAYON","picto":null,"level":2,"sellerId":null,"slug":"protection-hygiene-covid","selected":false,"children":[{"name":"El place ","code":"R01F03SF01","id":"27994","type":"MARKETPLACE","picto":null,"level":3,"sellerId":"2064","slug":"el-place","selected":false,"children":null,"layers":"\/navigation\/27994\/layers","link":"\/v\/2064"},{"name":"FFP2 io","code":"R01F03SF03","id":"28074","type":"MARKETPLACE","picto":null,"level":3,"sellerId":"2125","slug":"ffp2-io","selected":false,"children":null,"layers":"\/navigation\/28074\/layers","link":"\/v\/2125"},{"name":"AtSant\u00e9","code":"R01F03SF06","id":"28619","type":"MARKETPLACE","picto":null,"level":3,"sellerId":"2169","slug":"atsante","selected":false,"children":null,"layers":"\/navigation\/28619\/layers","link":"\/v\/2169"}],"layers":"\/navigation\/27993\/layers","link":"\/r\/vendeurs-partenaires-carrefour\/protection-hygiene-covid"},{"name":"Beaut\u00e9 & Soins","code":"R01F05","id":"28090","type":"RAYON","picto":null,"level":2,"sellerId":null,"slug":"routine-soin-de-la-rentree","selected":false,"children":[{"name":"Cosme-chic","code":"R01F04SF01","id":"28091","type":"MARKETPLACE","picto":null,"level":3,"sellerId":"2038","slug":"cosme-chic","selected":false,"children":null,"layers":"\/navigation\/28091\/layers","link":"\/v\/2038"},{"name":"Univers Beauty","code":"R01F05SF02","id":"28639","type":"MARKETPLACE","picto":null,"level":3,"sellerId":"2052","slug":"univers-beauty","selected":false,"children":null,"layers":"\/navigation\/28639\/layers","link":"\/v\/2052"},{"name":"Peaulette","code":"R01F04SF04","id":"28094","type":"MARKETPLACE","picto":null,"level":3,"sellerId":"2123","slug":"peaulette","selected":false,"children":null,"layers":"\/navigation\/28094\/layers","link":"\/v\/2123"},{"name":"HairStore","code":"R01F04SF05","id":"28095","type":"MARKETPLACE","picto":null,"level":3,"sellerId":"2106","slug":"hair-store","selected":false,"children":null,"layers":"\/navigation\/28095\/layers","link":"\/v\/2106"},{"name":"Jolivia","code":"R01F04SF06","id":"28096","type":"MARKETPLACE","picto":null,"level":3,"sellerId":"2135","slug":"jolivia","selected":false,"children":null,"layers":"\/navigation\/28096\/layers","link":"\/v\/2135"},{"name":"Ceiba Shop","code":"R01F04SF07","id":"28097","type":"MARKETPLACE","picto":null,"level":3,"sellerId":"2033","slug":"ceiba-shop","selected":false,"children":null,"layers":"\/navigation\/28097\/layers","link":"\/v\/2033"},{"name":"Nutrimea & Plastimea","code":"R01F04SF08","id":"28098","type":"MARKETPLACE","picto":null,"level":3,"sellerId":"2083","slug":"nutrimea-plastimea","selected":false,"children":null,"layers":"\/navigation\/28098\/layers","link":"\/v\/2083"},{"name":"Beaute price","code":"R01F04SF09","id":"28099","type":"MARKETPLACE","picto":null,"level":3,"sellerId":"2120","slug":"beaute-price","selected":false,"children":null,"layers":"\/navigation\/28099\/layers","link":"\/v\/2120"},{"name":"Acticoco","code":"R01F04SF10","id":"28101","type":"MARKETPLACE","picto":null,"level":3,"sellerId":"2113","slug":"acticoco","selected":false,"children":null,"layers":"\/navigation\/28101\/layers","link":"\/v\/2113"},{"name":"Jolie Francaise","code":"R01F04SF11","id":"28102","type":"MARKETPLACE","picto":null,"level":3,"sellerId":"2079","slug":"jolie-francaise","selected":false,"children":null,"layers":"\/navigation\/28102\/layers","link":"\/v\/2079"},{"name":"Laurik","code":"R01F04SF12","id":"28103","type":"MARKETPLACE","picto":null,"level":3,"sellerId":"2024","slug":"laurik","selected":false,"children":null,"layers":"\/navigation\/28103\/layers","link":"\/v\/2024"},{"name":"Colorisi","code":"R01F04SF13","id":"28598","type":"MARKETPLACE","picto":null,"level":3,"sellerId":"2094","slug":"colorisi","selected":false,"children":null,"layers":"\/navigation\/28598\/layers","link":"\/v\/2094"}],"layers":"\/navigation\/28090\/layers","link":"\/r\/vendeurs-partenaires-carrefour\/routine-soin-de-la-rentree"},{"name":"Le coin des enfants","code":"R01F05","id":"28104","type":"RAYON","picto":null,"level":2,"sellerId":null,"slug":"le-coin-des-enfants","selected":false,"children":[{"name":"Home&Family","code":"R01F05SF01","id":"28105","type":"MARKETPLACE","picto":null,"level":3,"sellerId":"2059","slug":"home-family","selected":false,"children":null,"layers":"\/navigation\/28105\/layers","link":"\/v\/2059"},{"name":"Les D\u00e9lices de No\u00e9mie","code":"R01F05SF02","id":"28106","type":"MARKETPLACE","picto":null,"level":3,"sellerId":"2086","slug":"les-delices-de-noemie","selected":false,"children":null,"layers":"\/navigation\/28106\/layers","link":"\/v\/2086"},{"name":"Matatie","code":"R01F05SF03","id":"28107","type":"MARKETPLACE","picto":null,"level":3,"sellerId":"2102","slug":"matatie","selected":false,"children":null,"layers":"\/navigation\/28107\/layers","link":"\/v\/2102"},{"name":"Kricri Nature","code":"R01F05SF05","id":"28125","type":"MARKETPLACE","picto":null,"level":3,"sellerId":"2005","slug":"kricri-nature","selected":false,"children":null,"layers":"\/navigation\/28125\/layers","link":"\/v\/2005"}],"layers":"\/navigation\/28104\/layers","link":"\/r\/vendeurs-partenaires-carrefour\/le-coin-des-enfants"},{"name":"Bio & Sain","code":"R01F06","id":"28110","type":"RAYON","picto":null,"level":2,"sellerId":null,"slug":"bio-et-gourmand","selected":false,"children":[{"name":"Paranatura","code":"R01F06SF01","id":"28111","type":"MARKETPLACE","picto":null,"level":3,"sellerId":"2081","slug":"paranatura","selected":false,"children":null,"layers":"\/navigation\/28111\/layers","link":"\/v\/2081"},{"name":"Les fabuleuses","code":"R01F06SF02","id":"28600","type":"MARKETPLACE","picto":null,"level":3,"sellerId":"2043","slug":"les-fabuleuses","selected":false,"children":null,"layers":"\/navigation\/28600\/layers","link":"\/v\/2043"},{"name":"Hecosfair","code":"R01F06SF03","id":"28601","type":"MARKETPLACE","picto":null,"level":3,"sellerId":"2131","slug":"hecosfair","selected":false,"children":null,"layers":"\/navigation\/28601\/layers","link":"\/v\/2131"},{"name":"Secrets D\u00e9lices","code":"R01F06SF04","id":"28602","type":"MARKETPLACE","picto":null,"level":3,"sellerId":"2049","slug":"secrets-delices","selected":false,"children":null,"layers":"\/navigation\/28602\/layers","link":"\/v\/2049"},{"name":"Rue des plantes","code":"R01F06SF05","id":"28603","type":"MARKETPLACE","picto":null,"level":3,"sellerId":"2151","slug":"rue-plantes","selected":false,"children":null,"layers":"\/navigation\/28603\/layers","link":"\/v\/2151"},{"name":"Kusmi Tea","code":"R01F06SF06","id":"28604","type":"MARKETPLACE","picto":null,"level":3,"sellerId":"2134","slug":"kusmi-tea","selected":false,"children":null,"layers":"\/navigation\/28604\/layers","link":"\/v\/2134"},{"name":"Caf\u00e9s Charles Danican","code":"R01F06SF07","id":"28605","type":"MARKETPLACE","picto":null,"level":3,"sellerId":"2114","slug":"cafes-charles-danican","selected":false,"children":null,"layers":"\/navigation\/28605\/layers","link":"\/v\/2114"},{"name":"Origeens","code":"R01F06SF08","id":"28635","type":"MARKETPLACE","picto":null,"level":3,"sellerId":"2048","slug":"origeens","selected":false,"children":null,"layers":"\/navigation\/28635\/layers","link":"\/v\/2048"},{"name":"Gout et Nature","code":"R01F06SF09","id":"28636","type":"MARKETPLACE","picto":null,"level":3,"sellerId":"2089","slug":"gout-nature","selected":false,"children":null,"layers":"\/navigation\/28636\/layers","link":"\/v\/2089"},{"name":"Moka - Meilleures Origines Kafe Arabica","code":"R01F06SF10","id":"28637","type":"MARKETPLACE","picto":null,"level":3,"sellerId":"2099","slug":"moka","selected":false,"children":null,"layers":"\/navigation\/28637\/layers","link":"\/v\/2099"},{"name":"La boutique du fruit sec","code":"R01F06SF11","id":"28682","type":"MARKETPLACE","picto":null,"level":3,"sellerId":"2103","slug":"boutique-fruit-sec","selected":false,"children":null,"layers":"\/navigation\/28682\/layers","link":"\/v\/2103"},{"name":"Mesth\u00e9s","code":"R01F06SF12","id":"28638","type":"MARKETPLACE","picto":null,"level":3,"sellerId":"2080","slug":"mesthes","selected":false,"children":null,"layers":"\/navigation\/28638\/layers","link":"\/v\/2080"},{"name":"Bio th\u00e9s du monde","code":"R01F06SF13","id":"29009","type":"MARKETPLACE","picto":null,"level":3,"sellerId":"2230","slug":"bio-thes-du-monde","selected":false,"children":null,"layers":"\/navigation\/29009\/layers","link":"\/v\/2230"}],"layers":"\/navigation\/28110\/layers","link":"\/r\/vendeurs-partenaires-carrefour\/bio-et-gourmand"},{"name":"Produits du monde","code":"R01F07","id":"28583","type":"RAYON","picto":null,"level":2,"sellerId":null,"slug":"produits-du-monde","selected":false,"children":[{"name":"Pankaj boutique indienne","code":"R01F07SF01","id":"28584","type":"MARKETPLACE","picto":null,"level":3,"sellerId":"2028","slug":"pankaj","selected":false,"children":null,"layers":"\/navigation\/28584\/layers","link":"\/v\/2028"},{"name":"Jason's Pantry","code":"R01F07SF02","id":"28585","type":"MARKETPLACE","picto":null,"level":3,"sellerId":"2126","slug":"jason-pantry","selected":false,"children":null,"layers":"\/navigation\/28585\/layers","link":"\/v\/2126"},{"name":"Middle East Market","code":"R01F07SF03","id":"28586","type":"MARKETPLACE","picto":null,"level":3,"sellerId":"2088","slug":"middle-east-market","selected":false,"children":null,"layers":"\/navigation\/28586\/layers","link":"\/v\/2088"},{"name":"Vanille de Madagascar","code":"R01F07SF04","id":"28628","type":"MARKETPLACE","picto":null,"level":3,"sellerId":"2097","slug":"vanille-madagascar","selected":false,"children":null,"layers":"\/navigation\/28628\/layers","link":"\/v\/2097"},{"name":"Bo Style","code":"R01F07SF05","id":"28587","type":"MARKETPLACE","picto":null,"level":3,"sellerId":"2076","slug":"bo-style","selected":false,"children":null,"layers":"\/navigation\/28587\/layers","link":"\/v\/2076"},{"name":"Le Comptoir canadien","code":"R01F07SF06","id":"28588","type":"MARKETPLACE","picto":null,"level":3,"sellerId":"2001","slug":"le-comptoir-canadien","selected":false,"children":null,"layers":"\/navigation\/28588\/layers","link":"\/v\/2001"},{"name":"Cacher moins cher","code":"R01F07SF07","id":"28996","type":"MARKETPLACE","picto":null,"level":3,"sellerId":"2186","slug":"cacher-moins-cher","selected":false,"children":null,"layers":"\/navigation\/28996\/layers","link":"\/v\/2186"},{"name":"Groskash","code":"R01F07SF08","id":"28999","type":"MARKETPLACE","picto":null,"level":3,"sellerId":"2176","slug":"groskash","selected":false,"children":null,"layers":"\/navigation\/28999\/layers","link":"\/v\/2176"},{"name":"GourmandisesHalal","code":"R01F07SF09","id":"29000","type":"MARKETPLACE","picto":null,"level":3,"sellerId":"2154","slug":"gourmandiseshalal","selected":false,"children":null,"layers":"\/navigation\/29000\/layers","link":"\/v\/2154"}],"layers":"\/navigation\/28583\/layers","link":"\/r\/vendeurs-partenaires-carrefour\/produits-du-monde"},{"name":"Les sp\u00e9cialistes de nos r\u00e9gions ","code":"R01F08","id":"28082","type":"RAYON","picto":null,"level":2,"sellerId":null,"slug":"les-specialistes-de-nos-regions","selected":false,"children":[{"name":"Les Bouriettes","code":"R01F08SF01","id":"28581","type":"MARKETPLACE","picto":null,"level":3,"sellerId":"2029","slug":"les-bouriettes","selected":false,"children":null,"layers":"\/navigation\/28581\/layers","link":"\/v\/2029"},{"name":"Mon epicerie fine de Terroir","code":"R01F08SF02","id":"28084","type":"MARKETPLACE","picto":null,"level":3,"sellerId":"2026","slug":"mon-epicerie-fine-de-terroir","selected":false,"children":null,"layers":"\/navigation\/28084\/layers","link":"\/v\/2026"},{"name":"Charles Antona","code":"R01F08SF03","id":"28085","type":"MARKETPLACE","picto":null,"level":3,"sellerId":"2124","slug":"charles-antona","selected":false,"children":null,"layers":"\/navigation\/28085\/layers","link":"\/v\/2124"},{"name":"Esprit Foie Gras","code":"R01F08SF04","id":"28629","type":"MARKETPLACE","picto":null,"level":3,"sellerId":"2138","slug":"esprit-foie-gras","selected":false,"children":null,"layers":"\/navigation\/28629\/layers","link":"\/v\/2138"},{"name":"Made In France Box","code":"R01F08SF06","id":"28087","type":"MARKETPLACE","picto":null,"level":3,"sellerId":"2011","slug":"made-in-france-box","selected":false,"children":null,"layers":"\/navigation\/28087\/layers","link":"\/v\/2011"},{"name":"Regal des Sens","code":"R01F08SF07","id":"28088","type":"MARKETPLACE","picto":null,"level":3,"sellerId":"2055","slug":"regal-des-sens","selected":false,"children":null,"layers":"\/navigation\/28088\/layers","link":"\/v\/2055"},{"name":"Le Refuge de Marie-Louise","code":"R01F08SF09","id":"28630","type":"MARKETPLACE","picto":null,"level":3,"sellerId":"2115","slug":"refuge-marie-louise","selected":false,"children":null,"layers":"\/navigation\/28630\/layers","link":"\/v\/2115"},{"name":"La Cure Gourmande","code":"R01F08SF10","id":"28741","type":"MARKETPLACE","picto":null,"level":3,"sellerId":"2165","slug":"cure-gourmande","selected":false,"children":null,"layers":"\/navigation\/28741\/layers","link":"\/v\/2165"},{"name":"Conserves Parall\u00e8les","code":"R01F08SF11","id":"28633","type":"MARKETPLACE","picto":null,"level":3,"sellerId":"2133","slug":"conserves-paralleles","selected":false,"children":null,"layers":"\/navigation\/28633\/layers","link":"\/v\/2133"},{"name":"Qwehli","code":"R01F08SF12","id":"28991","type":"MARKETPLACE","picto":null,"level":3,"sellerId":"2205","slug":"qwehli","selected":false,"children":null,"layers":"\/navigation\/28991\/layers","link":"\/v\/2205"},{"name":"Tout un fromage","code":"R01F08SF13","id":"28992","type":"MARKETPLACE","picto":null,"level":3,"sellerId":"2162","slug":"tout-un-fromage","selected":false,"children":null,"layers":"\/navigation\/28992\/layers","link":"\/v\/2162"},{"name":"Les Hu\u00eetres d'Andr\u00e9","code":"R01F08SF14","id":"28995","type":"MARKETPLACE","picto":null,"level":3,"sellerId":"2241","slug":"les-huitres-andre","selected":false,"children":null,"layers":"\/navigation\/28995\/layers","link":"\/v\/2241"},{"name":"Aficionado","code":"R01F08SF15","id":"28997","type":"MARKETPLACE","picto":null,"level":3,"sellerId":"2207","slug":"aficionado","selected":false,"children":null,"layers":"\/navigation\/28997\/layers","link":"\/v\/2207"}],"layers":"\/navigation\/28082\/layers","link":"\/r\/vendeurs-partenaires-carrefour\/les-specialistes-de-nos-regions"},{"name":"Epicerie Fine","code":"R01F09","id":"28740","type":"RAYON","picto":null,"level":2,"sellerId":null,"slug":"epicerie-fine","selected":false,"children":[{"name":"Albert M\u00e9n\u00e8s","code":"R01F09SF01","id":"28631","type":"MARKETPLACE","picto":null,"level":3,"sellerId":"2144","slug":"albert-menes","selected":false,"children":null,"layers":"\/navigation\/28631\/layers","link":"\/v\/2144"},{"name":"Kasnodar Caviar","code":"R01F09SF02","id":"28632","type":"MARKETPLACE","picto":null,"level":3,"sellerId":"2137","slug":"kasnodar-caviar","selected":false,"children":null,"layers":"\/navigation\/28632\/layers","link":"\/v\/2137"},{"name":"SM Kroosties","code":"R01F09SF03","id":"28634","type":"MARKETPLACE","picto":null,"level":3,"sellerId":"2067","slug":"sm-kroosties","selected":false,"children":null,"layers":"\/navigation\/28634\/layers","link":"\/v\/2067"},{"name":"Caviar de l'Isle","code":"R01F09SF04","id":"28678","type":"MARKETPLACE","picto":null,"level":3,"sellerId":"2173","slug":"caviar-isle","selected":false,"children":null,"layers":"\/navigation\/28678\/layers","link":"\/v\/2173"},{"name":"Toilinux","code":"R01F09SF05","id":"28599","type":"MARKETPLACE","picto":null,"level":3,"sellerId":"2122","slug":"toilinux","selected":false,"children":null,"layers":"\/navigation\/28599\/layers","link":"\/v\/2122"},{"name":"Maison Ederki","code":"R01F09SF06","id":"28083","type":"MARKETPLACE","picto":null,"level":3,"sellerId":"2118","slug":"maison-ederki","selected":false,"children":null,"layers":"\/navigation\/28083\/layers","link":"\/v\/2118"},{"name":"Chevaliers d'Argouges","code":"R01F09SF07","id":"28742","type":"MARKETPLACE","picto":null,"level":3,"sellerId":"2006","slug":"chevaliers-argouges","selected":false,"children":null,"layers":"\/navigation\/28742\/layers","link":"\/v\/2006"},{"name":"Chocolaterie Dolfin","code":"R01F09SF08","id":"28743","type":"MARKETPLACE","picto":null,"level":3,"sellerId":"2062","slug":"chocolaterie-dolfin","selected":false,"children":null,"layers":"\/navigation\/28743\/layers","link":"\/v\/2062"},{"name":"Mon jardin chocolat\u00e9","code":"R01F09SF09","id":"28744","type":"MARKETPLACE","picto":null,"level":3,"sellerId":"2010","slug":"mon-jardin-chocolate","selected":false,"children":null,"layers":"\/navigation\/28744\/layers","link":"\/v\/2010"},{"name":"Tohi chocolat bio","code":"R01F09SF10","id":"28745","type":"MARKETPLACE","picto":null,"level":3,"sellerId":"2061","slug":"tohi-chocolat-bio","selected":false,"children":null,"layers":"\/navigation\/28745\/layers","link":"\/v\/2061"},{"name":"Sardines en bo\u00eetes","code":"R01F09SF11","id":"28989","type":"MARKETPLACE","picto":null,"level":3,"sellerId":"2183","slug":"sardines-en-boite","selected":false,"children":null,"layers":"\/navigation\/28989\/layers","link":"\/v\/2183"},{"name":"Kusmi Tea","code":"R01F09SF12","id":"29007","type":"MARKETPLACE","picto":null,"level":3,"sellerId":"2134","slug":"kusmi-tea","selected":false,"children":null,"layers":"\/navigation\/29007\/layers","link":"\/v\/2134"},{"name":"Nesati","code":"R01F09SF13","id":"29008","type":"MARKETPLACE","picto":null,"level":3,"sellerId":"2161","slug":"nesati","selected":false,"children":null,"layers":"\/navigation\/29008\/layers","link":"\/v\/2161"},{"name":"Make Me Nuts","code":"R01F09SF14","id":"29011","type":"MARKETPLACE","picto":null,"level":3,"sellerId":"2174","slug":"make-me-nuts","selected":false,"children":null,"layers":"\/navigation\/29011\/layers","link":"\/v\/2174"}],"layers":"\/navigation\/28740\/layers","link":"\/r\/vendeurs-partenaires-carrefour\/epicerie-fine"},{"name":"Tout pour mon animal","code":"R01F11","id":"28576","type":"RAYON","picto":null,"level":2,"sellerId":null,"slug":"tout-pour-mon-animal","selected":false,"children":[{"name":"Croquetteland","code":"R01F11SF01","id":"28577","type":"MARKETPLACE","picto":null,"level":3,"sellerId":"2014","slug":"croquetteland","selected":false,"children":null,"layers":"\/navigation\/28577\/layers","link":"\/v\/2014"},{"name":"Labelsource","code":"R01F11SF02","id":"28579","type":"MARKETPLACE","picto":null,"level":3,"sellerId":"2096","slug":"labelsource","selected":false,"children":null,"layers":"\/navigation\/28579\/layers","link":"\/v\/2096"},{"name":"Catapart","code":"R01F11SF04","id":"28580","type":"MARKETPLACE","picto":null,"level":3,"sellerId":"2148","slug":"catapart","selected":false,"children":null,"layers":"\/navigation\/28580\/layers","link":"\/v\/2148"},{"name":"Animalerie Montpellier","code":"R01F11SF05","id":"29010","type":"MARKETPLACE","picto":null,"level":3,"sellerId":"2146","slug":"animalerie-montpellier","selected":false,"children":null,"layers":"\/navigation\/29010\/layers","link":"\/v\/2146"}],"layers":"\/navigation\/28576\/layers","link":"\/r\/vendeurs-partenaires-carrefour\/tout-pour-mon-animal"},{"name":"Softs & Brasserie","code":"R01F12","id":"28589","type":"RAYON","picto":null,"level":2,"sellerId":null,"slug":"cave-a-softs","selected":false,"children":[{"name":"Appie","code":"R01F12SF02","id":"28591","type":"MARKETPLACE","picto":null,"level":3,"sellerId":"2072","slug":"appie","selected":false,"children":null,"layers":"\/navigation\/28591\/layers","link":"\/v\/2072"},{"name":"Dietox","code":"R01F12SF03","id":"28592","type":"MARKETPLACE","picto":null,"level":3,"sellerId":"2068","slug":"dietox","selected":false,"children":null,"layers":"\/navigation\/28592\/layers","link":"\/v\/2068"}],"layers":"\/navigation\/28589\/layers","link":"\/r\/vendeurs-partenaires-carrefour\/cave-a-softs"},{"name":"La cave","code":"R01F13","id":"28077","type":"RAYON","picto":null,"level":2,"sellerId":null,"slug":"la-rentree-des-grands-vins","selected":false,"children":[{"name":"Lavinia","code":"R01F13SF01","id":"28078","type":"MARKETPLACE","picto":null,"level":3,"sellerId":"2063","slug":"lavinia","selected":false,"children":null,"layers":"\/navigation\/28078\/layers","link":"\/v\/2063"},{"name":"Cavagogo","code":"R01F13SF02","id":"28079","type":"MARKETPLACE","picto":null,"level":3,"sellerId":"2069","slug":"cavagogo","selected":false,"children":null,"layers":"\/navigation\/28079\/layers","link":"\/v\/2069"},{"name":"1 histoire de vin","code":"R01F13SF04","id":"28080","type":"MARKETPLACE","picto":null,"level":3,"sellerId":"2027","slug":"1-histoire-de-vin","selected":false,"children":null,"layers":"\/navigation\/28080\/layers","link":"\/v\/2027"},{"name":"La Cave \u00e0 Spiritueux","code":"R01F13SF05","id":"28679","type":"MARKETPLACE","picto":null,"level":3,"sellerId":"2107","slug":"cave-spiriteux","selected":false,"children":null,"layers":"\/navigation\/28679\/layers","link":"\/v\/2107"},{"name":"La Route des Rhums","code":"R01F13SF06","id":"28680","type":"MARKETPLACE","picto":null,"level":3,"sellerId":"2160","slug":"cave-rhums","selected":false,"children":null,"layers":"\/navigation\/28680\/layers","link":"\/v\/2160"},{"name":"Le Vin Emoi","code":"R01F13SF07","id":"28803","type":"MARKETPLACE","picto":null,"level":3,"sellerId":"2172","slug":"le-vin-emoi","selected":false,"children":null,"layers":"\/navigation\/28803\/layers","link":"\/v\/2172"},{"name":"We Love Bubbles","code":"R01F13SF08","id":"28804","type":"MARKETPLACE","picto":null,"level":3,"sellerId":"2143","slug":"we-love-bubbles","selected":false,"children":null,"layers":"\/navigation\/28804\/layers","link":"\/v\/2143"},{"name":"Ch\u00e2teau la Capelle","code":"R01F13SF09","id":"28990","type":"MARKETPLACE","picto":null,"level":3,"sellerId":"2213","slug":"chateau-la-capelle","selected":false,"children":null,"layers":"\/navigation\/28990\/layers","link":"\/v\/2213"},{"name":"Ch\u00e2teau Corbiac P\u00e9charmant","code":"R01F13SF10","id":"28998","type":"MARKETPLACE","picto":null,"level":3,"sellerId":"2195","slug":"chateau-corbiac-pecharmant","selected":false,"children":null,"layers":"\/navigation\/28998\/layers","link":"\/v\/2195"}],"layers":"\/navigation\/28077\/layers","link":"\/r\/vendeurs-partenaires-carrefour\/la-rentree-des-grands-vins"}],"layers":"\/navigation\/27992\/layers","link":"\/r\/vendeurs-partenaires-carrefour"},{"name":"Bio et Ecologie","code":"R02","id":"1838","type":"RAYON","picto":"https:\/\/media.carrefour.fr\/medias\/5f3d0dc998fd3a20831086a36082fd36\/p_96x96\/1838.jpg","level":1,"sellerId":null,"slug":"bio-et-ecologie","selected":false,"children":[{"name":"Bio \u00e0 petit prix","code":"R02F01","id":"28692","type":"RAYON","picto":null,"level":2,"sellerId":null,"slug":"bio-petit-prix","selected":false,"children":[{"name":"Fruits et l\u00e9gumes","code":"R02F01SF01","id":"28701","type":"RAYON","picto":null,"level":3,"sellerId":null,"slug":"fruits-et-legumes","selected":false,"children":null,"layers":"\/navigation\/28701\/layers","link":"\/r\/bio-et-ecologie\/bio-petit-prix\/fruits-et-legumes"},{"name":"Frais et Surgel\u00e9s","code":"R02F01SF02","id":"28704","type":"RAYON","picto":null,"level":3,"sellerId":null,"slug":"frais-surgeles","selected":false,"children":null,"layers":"\/navigation\/28704\/layers","link":"\/r\/bio-et-ecologie\/bio-petit-prix\/frais-surgeles"},{"name":"Boulangerie et Viennoiserie","code":"R02F01SF03","id":"28702","type":"RAYON","picto":null,"level":3,"sellerId":null,"slug":"boulangerie-viennoiserie","selected":false,"children":null,"layers":"\/navigation\/28702\/layers","link":"\/r\/bio-et-ecologie\/bio-petit-prix\/boulangerie-viennoiserie"},{"name":"Epicerie sucr\u00e9e","code":"R02F01SF04","id":"28695","type":"RAYON","picto":null,"level":3,"sellerId":null,"slug":"epicerie-sucree","selected":false,"children":null,"layers":"\/navigation\/28695\/layers","link":"\/r\/bio-et-ecologie\/bio-petit-prix\/epicerie-sucree"},{"name":"Epicerie sal\u00e9e","code":"R02F01SF05","id":"28696","type":"RAYON","picto":null,"level":3,"sellerId":null,"slug":"epicerie-salee","selected":false,"children":null,"layers":"\/navigation\/28696\/layers","link":"\/r\/bio-et-ecologie\/bio-petit-prix\/epicerie-salee"},{"name":"Boissons","code":"R02F01SF06","id":"28697","type":"RAYON","picto":null,"level":3,"sellerId":null,"slug":"boissons","selected":false,"children":null,"layers":"\/navigation\/28697\/layers","link":"\/r\/bio-et-ecologie\/bio-petit-prix\/boissons"},{"name":"B\u00e9b\u00e9","code":"R02F01SF07","id":"28698","type":"RAYON","picto":null,"level":3,"sellerId":null,"slug":"bebe","selected":false,"children":null,"layers":"\/navigation\/28698\/layers","link":"\/r\/bio-et-ecologie\/bio-petit-prix\/bebe"},{"name":"Hygi\u00e8ne beaut\u00e9","code":"R02F01SF08","id":"28699","type":"RAYON","picto":null,"level":3,"sellerId":null,"slug":"hygiene-beaute","selected":false,"children":null,"layers":"\/navigation\/28699\/layers","link":"\/r\/bio-et-ecologie\/bio-petit-prix\/hygiene-beaute"},{"name":"Animaux","code":"R02F01SF09","id":"28700","type":"RAYON","picto":null,"level":3,"sellerId":null,"slug":"animaux","selected":false,"children":null,"layers":"\/navigation\/28700\/layers","link":"\/r\/bio-et-ecologie\/bio-petit-prix\/animaux"}],"layers":"\/navigation\/28692\/layers","link":"\/r\/bio-et-ecologie\/bio-petit-prix"},{"name":"Le March\u00e9","code":"R02F02","id":"1839","type":"RAYON","picto":"https:\/\/media.carrefour.fr\/medias\/5e277a36a54836b4b0c8adf878eb7fe8\/p_96x96\/1839.jpg","level":2,"sellerId":null,"slug":"le-marche","selected":false,"children":[{"name":"L\u00e9gumes et Fruits","code":"R02F02SF01","id":"1840","type":"RAYON","picto":null,"level":3,"sellerId":null,"slug":"legumes-et-fruits","selected":false,"children":null,"layers":"\/navigation\/1840\/layers","link":"\/r\/bio-et-ecologie\/le-marche\/legumes-et-fruits"},{"name":"L\u00e9gumes secs et Fruits secs","code":"R02F02SF02","id":"1841","type":"RAYON","picto":null,"level":3,"sellerId":null,"slug":"legumes-secs-et-fruits-secs","selected":false,"children":null,"layers":"\/navigation\/1841\/layers","link":"\/r\/bio-et-ecologie\/le-marche\/legumes-secs-et-fruits-secs"},{"name":"Boucherie et Poissonnerie","code":"R02F02SF03","id":"1842","type":"RAYON","picto":null,"level":3,"sellerId":null,"slug":"boucherie-et-poissonnerie","selected":false,"children":null,"layers":"\/navigation\/1842\/layers","link":"\/r\/bio-et-ecologie\/le-marche\/boucherie-et-poissonnerie"},{"name":"Boulangerie et Viennoiserie","code":"R02F02SF04","id":"1843","type":"RAYON","picto":null,"level":3,"sellerId":null,"slug":"boulangerie-et-viennoiserie","selected":false,"children":null,"layers":"\/navigation\/1843\/layers","link":"\/r\/bio-et-ecologie\/le-marche\/boulangerie-et-viennoiserie"}],"layers":"\/navigation\/1839\/layers","link":"\/r\/bio-et-ecologie\/le-marche"},{"name":"Cr\u00e8merie","code":"R02F03","id":"1844","type":"RAYON","picto":"https:\/\/media.carrefour.fr\/medias\/4765a6d4738a3f338415834e97a9ac57\/p_96x96\/1844.jpg","level":2,"sellerId":null,"slug":"cremerie","selected":false,"children":[{"name":"Lait et Oeufs","code":"R02F03SF01","id":"1845","type":"RAYON","picto":null,"level":3,"sellerId":null,"slug":"lait-et-oeufs","selected":false,"children":null,"layers":"\/navigation\/1845\/layers","link":"\/r\/bio-et-ecologie\/cremerie\/lait-et-oeufs"},{"name":"Beurres et Cr\u00e8mes","code":"R02F03SF02","id":"1846","type":"RAYON","picto":null,"level":3,"sellerId":null,"slug":"beurre-et-creme","selected":false,"children":null,"layers":"\/navigation\/1846\/layers","link":"\/r\/bio-et-ecologie\/cremerie\/beurre-et-creme"},{"name":"Fromages","code":"R02F03SF03","id":"1847","type":"RAYON","picto":null,"level":3,"sellerId":null,"slug":"fromage","selected":false,"children":null,"layers":"\/navigation\/1847\/layers","link":"\/r\/bio-et-ecologie\/cremerie\/fromage"},{"name":"Yaourts et Desserts","code":"R02F03SF04","id":"1848","type":"RAYON","picto":null,"level":3,"sellerId":null,"slug":"yaourts-et-desserts","selected":false,"children":null,"layers":"\/navigation\/1848\/layers","link":"\/r\/bio-et-ecologie\/cremerie\/yaourts-et-desserts"}],"layers":"\/navigation\/1844\/layers","link":"\/r\/bio-et-ecologie\/cremerie"},{"name":"Frais et Surgel\u00e9s","code":"R02F04","id":"1849","type":"RAYON","picto":"https:\/\/media.carrefour.fr\/medias\/29ba769b1e133926b3d6d1e30b762224\/p_96x96\/1849.jpg","level":2,"sellerId":null,"slug":"frais-et-surgeles","selected":false,"children":[{"name":"Charcuterie bio","code":"R02F04SF01","id":"1851","type":"RAYON","picto":null,"level":3,"sellerId":null,"slug":"charcuterie-bio","selected":false,"children":null,"layers":"\/navigation\/1851\/layers","link":"\/r\/bio-et-ecologie\/frais-et-surgeles\/charcuterie-bio"},{"name":"Traiteur bio","code":"R02F04SF02","id":"1850","type":"RAYON","picto":null,"level":3,"sellerId":null,"slug":"traiteur-bio","selected":false,"children":null,"layers":"\/navigation\/1850\/layers","link":"\/r\/bio-et-ecologie\/frais-et-surgeles\/traiteur-bio"},{"name":"Surgel\u00e9s bio","code":"R02F04SF03","id":"1852","type":"RAYON","picto":null,"level":3,"sellerId":null,"slug":"surgeles-bio","selected":false,"children":null,"layers":"\/navigation\/1852\/layers","link":"\/r\/bio-et-ecologie\/frais-et-surgeles\/surgeles-bio"}],"layers":"\/navigation\/1849\/layers","link":"\/r\/bio-et-ecologie\/frais-et-surgeles"},{"name":"Epicerie Sal\u00e9e","code":"R02F05","id":"1853","type":"RAYON","picto":"https:\/\/media.carrefour.fr\/medias\/5d768f60ee7e3933afc3eebf2bd8cfe8\/p_96x96\/1853.jpg","level":2,"sellerId":null,"slug":"epicerie-salee","selected":false,"children":[{"name":"Soupes et Potages","code":"R02F05SF01","id":"1855","type":"RAYON","picto":null,"level":3,"sellerId":null,"slug":"soupes-et-potages","selected":false,"children":null,"layers":"\/navigation\/1855\/layers","link":"\/r\/bio-et-ecologie\/epicerie-salee\/soupes-et-potages"},{"name":"Conserves et Plats cuisin\u00e9s","code":"R02F05SF02","id":"1858","type":"RAYON","picto":null,"level":3,"sellerId":null,"slug":"conserves-et-plats-cuisines","selected":false,"children":null,"layers":"\/navigation\/1858\/layers","link":"\/r\/bio-et-ecologie\/epicerie-salee\/conserves-et-plats-cuisines"},{"name":"P\u00e2tes, Riz et F\u00e9culents","code":"R02F05SF03","id":"1856","type":"RAYON","picto":null,"level":3,"sellerId":null,"slug":"pates-riz-et-feculents","selected":false,"children":null,"layers":"\/navigation\/1856\/layers","link":"\/r\/bio-et-ecologie\/epicerie-salee\/pates-riz-et-feculents"},{"name":"Ap\u00e9ritifs","code":"R02F05SF04","id":"1854","type":"RAYON","picto":null,"level":3,"sellerId":null,"slug":"aperitif","selected":false,"children":null,"layers":"\/navigation\/1854\/layers","link":"\/r\/bio-et-ecologie\/epicerie-salee\/aperitif"},{"name":"Sauces et Condiments","code":"R02F05SF05","id":"1857","type":"RAYON","picto":null,"level":3,"sellerId":null,"slug":"sauces-et-condiments","selected":false,"children":null,"layers":"\/navigation\/1857\/layers","link":"\/r\/bio-et-ecologie\/epicerie-salee\/sauces-et-condiments"}],"layers":"\/navigation\/1853\/layers","link":"\/r\/bio-et-ecologie\/epicerie-salee"},{"name":"Epicerie sucr\u00e9e","code":"R02F06","id":"1859","type":"RAYON","picto":"https:\/\/media.carrefour.fr\/medias\/c825d8213dd43c1283b5d45fca6968ca\/p_96x96\/1859.jpg","level":2,"sellerId":null,"slug":"epicerie-sucree","selected":false,"children":[{"name":"Petit d\u00e9jeuner bio","code":"R02F06SF01","id":"1860","type":"RAYON","picto":null,"level":3,"sellerId":null,"slug":"petit-dejeuner-bio","selected":false,"children":null,"layers":"\/navigation\/1860\/layers","link":"\/r\/bio-et-ecologie\/epicerie-sucree\/petit-dejeuner-bio"},{"name":"Galettes de riz et Pains","code":"R02F06SF02","id":"1861","type":"RAYON","picto":null,"level":3,"sellerId":null,"slug":"galettes-de-riz-et-pains","selected":false,"children":null,"layers":"\/navigation\/1861\/layers","link":"\/r\/bio-et-ecologie\/epicerie-sucree\/galettes-de-riz-et-pains"},{"name":"Th\u00e9s, Caf\u00e9s et Infusions","code":"R02F06SF03","id":"1862","type":"RAYON","picto":null,"level":3,"sellerId":null,"slug":"thes-cafes-et-infusions","selected":false,"children":null,"layers":"\/navigation\/1862\/layers","link":"\/r\/bio-et-ecologie\/epicerie-sucree\/thes-cafes-et-infusions"},{"name":"Gouters, Biscuits et Chocolat","code":"R02F06SF04","id":"1863","type":"RAYON","picto":null,"level":3,"sellerId":null,"slug":"gouters-biscuits-et-chocolat","selected":false,"children":null,"layers":"\/navigation\/1863\/layers","link":"\/r\/bio-et-ecologie\/epicerie-sucree\/gouters-biscuits-et-chocolat"},{"name":"Desserts, Sucres et Farines","code":"R02F06SF05","id":"1864","type":"RAYON","picto":null,"level":3,"sellerId":null,"slug":"desserts-sucres-et-farines","selected":false,"children":null,"layers":"\/navigation\/1864\/layers","link":"\/r\/bio-et-ecologie\/epicerie-sucree\/desserts-sucres-et-farines"},{"name":"Compl\u00e9ments alimentaires","code":"R02F06SF06","id":"26855","type":"RAYON","picto":null,"level":3,"sellerId":null,"slug":"complements-alimentaires","selected":false,"children":null,"layers":"\/navigation\/26855\/layers","link":"\/r\/bio-et-ecologie\/epicerie-sucree\/complements-alimentaires"}],"layers":"\/navigation\/1859\/layers","link":"\/r\/bio-et-ecologie\/epicerie-sucree"},{"name":"Boissons","code":"R02F07","id":"1865","type":"RAYON","picto":"https:\/\/media.carrefour.fr\/medias\/8fea9c8ea7423541884d7ac8d5a007de\/p_96x96\/1865.jpg","level":2,"sellerId":null,"slug":"boissons","selected":false,"children":[{"name":"Vins, Cidres et Bi\u00e8res","code":"R02F07SF01","id":"1869","type":"RAYON","picto":null,"level":3,"sellerId":null,"slug":"vins-cidres-et-bieres","selected":false,"children":null,"layers":"\/navigation\/1869\/layers","link":"\/r\/bio-et-ecologie\/boissons\/vins-cidres-et-bieres"},{"name":"Jus de fruits","code":"R02F07SF02","id":"1866","type":"RAYON","picto":null,"level":3,"sellerId":null,"slug":"jus-de-fruits","selected":false,"children":null,"layers":"\/navigation\/1866\/layers","link":"\/r\/bio-et-ecologie\/boissons\/jus-de-fruits"},{"name":"Sodas, Th\u00e9s glac\u00e9s et Sirops","code":"R02F07SF03","id":"1867","type":"RAYON","picto":null,"level":3,"sellerId":null,"slug":"sodas-thes-glaces-et-sirops","selected":false,"children":null,"layers":"\/navigation\/1867\/layers","link":"\/r\/bio-et-ecologie\/boissons\/sodas-thes-glaces-et-sirops"},{"name":"Soja et Boissons v\u00e9g\u00e9tales","code":"R02F07SF04","id":"1868","type":"RAYON","picto":null,"level":3,"sellerId":null,"slug":"soja-et-boissons-vegetales","selected":false,"children":null,"layers":"\/navigation\/1868\/layers","link":"\/r\/bio-et-ecologie\/boissons\/soja-et-boissons-vegetales"}],"layers":"\/navigation\/1865\/layers","link":"\/r\/bio-et-ecologie\/boissons"},{"name":"B\u00e9b\u00e9","code":"R02F08","id":"1870","type":"RAYON","picto":"https:\/\/media.carrefour.fr\/medias\/acb3ecdbde2c35bba44afb490a3f6e9b\/p_96x96\/1870.jpg","level":2,"sellerId":null,"slug":"bebe","selected":false,"children":[{"name":"C\u00e9r\u00e9ales et Laits","code":"R02F08SF01","id":"1871","type":"RAYON","picto":null,"level":3,"sellerId":null,"slug":"cereales-et-laits","selected":false,"children":null,"layers":"\/navigation\/1871\/layers","link":"\/r\/bio-et-ecologie\/bebe\/cereales-et-laits"},{"name":"Repas b\u00e9b\u00e9","code":"R02F08SF02","id":"1872","type":"RAYON","picto":null,"level":3,"sellerId":null,"slug":"repas-bebe","selected":false,"children":null,"layers":"\/navigation\/1872\/layers","link":"\/r\/bio-et-ecologie\/bebe\/repas-bebe"},{"name":"Go\u00fbters et Desserts","code":"R02F08SF03","id":"1873","type":"RAYON","picto":null,"level":3,"sellerId":null,"slug":"gouters-et-desserts","selected":false,"children":null,"layers":"\/navigation\/1873\/layers","link":"\/r\/bio-et-ecologie\/bebe\/gouters-et-desserts"},{"name":"Pu\u00e9riculture et Hygi\u00e8ne","code":"R02F08SF04","id":"1874","type":"RAYON","picto":null,"level":3,"sellerId":null,"slug":"puericulture-et-hygiene","selected":false,"children":null,"layers":"\/navigation\/1874\/layers","link":"\/r\/bio-et-ecologie\/bebe\/puericulture-et-hygiene"}],"layers":"\/navigation\/1870\/layers","link":"\/r\/bio-et-ecologie\/bebe"},{"name":"Hygi\u00e8ne beaut\u00e9","code":"R02F09","id":"1875","type":"RAYON","picto":"https:\/\/media.carrefour.fr\/medias\/5706e478c9ea3e8aa512ce39a96feaea\/p_96x96\/1875.jpg","level":2,"sellerId":null,"slug":"hygiene-beaute","selected":false,"children":[{"name":"Soins corps","code":"R02F09SF01","id":"1876","type":"RAYON","picto":null,"level":3,"sellerId":null,"slug":"soins-corps","selected":false,"children":null,"layers":"\/navigation\/1876\/layers","link":"\/r\/bio-et-ecologie\/hygiene-beaute\/soins-corps"},{"name":"Soins visage","code":"R02F09SF02","id":"1877","type":"RAYON","picto":null,"level":3,"sellerId":null,"slug":"soins-visage","selected":false,"children":null,"layers":"\/navigation\/1877\/layers","link":"\/r\/bio-et-ecologie\/hygiene-beaute\/soins-visage"},{"name":"Soins cheveux","code":"R02F09SF03","id":"1878","type":"RAYON","picto":null,"level":3,"sellerId":null,"slug":"soins-cheveux","selected":false,"children":null,"layers":"\/navigation\/1878\/layers","link":"\/r\/bio-et-ecologie\/hygiene-beaute\/soins-cheveux"},{"name":"Huiles essentielles","code":"R02F09SF04","id":"1879","type":"RAYON","picto":null,"level":3,"sellerId":null,"slug":"huiles-essentielles","selected":false,"children":null,"layers":"\/navigation\/1879\/layers","link":"\/r\/bio-et-ecologie\/hygiene-beaute\/huiles-essentielles"}],"layers":"\/navigation\/1875\/layers","link":"\/r\/bio-et-ecologie\/hygiene-beaute"},{"name":"Produits m\u00e9nagers \u00e9cologiques","code":"R02F10","id":"1880","type":"RAYON","picto":"https:\/\/media.carrefour.fr\/medias\/ba74e049e6d1322bab6bfd7600b7ca77\/p_96x96\/1880.jpg","level":2,"sellerId":null,"slug":"produits-menagers-ecologiques","selected":false,"children":null,"layers":"\/navigation\/1880\/layers","link":"\/r\/bio-et-ecologie\/produits-menagers-ecologiques"},{"name":"Animaux","code":"R02F11","id":"1881","type":"RAYON","picto":"https:\/\/media.carrefour.fr\/medias\/9e88c4e8cdd435e49d97ad10868f4f26\/p_96x96\/1881.jpg","level":2,"sellerId":null,"slug":"animaux","selected":false,"children":null,"layers":"\/navigation\/1881\/layers","link":"\/r\/bio-et-ecologie\/animaux"}],"layers":"\/navigation\/1838\/layers","link":"\/r\/bio-et-ecologie"},{"name":"Fruits et L\u00e9gumes","code":"R03","id":"1882","type":"RAYON","picto":"https:\/\/media.carrefour.fr\/medias\/185e7fe99d4a39b5a6cca9e806324d3d\/p_96x96\/1882.jpg","level":1,"sellerId":null,"slug":"fruits-et-legumes","selected":false,"children":[{"name":"Fruits","code":"R03F01","id":"1883","type":"RAYON","picto":"https:\/\/media.carrefour.fr\/medias\/402b7e434a63351884a5f3c686a59f96\/p_96x96\/1883.jpg","level":2,"sellerId":null,"slug":"fruits","selected":false,"children":[{"name":"Fruits de saison","code":"R03F01SF01","id":"1884","type":"RAYON","picto":null,"level":3,"sellerId":null,"slug":"fruits-de-saison","selected":false,"children":null,"layers":"\/navigation\/1884\/layers","link":"\/r\/fruits-et-legumes\/fruits\/fruits-de-saison"},{"name":"Pommes, Poires et Raisins","code":"R03F01SF02","id":"28489","type":"RAYON","picto":null,"level":3,"sellerId":null,"slug":"pommes-poires-et-raisins","selected":false,"children":[{"name":"Pommes","code":"R03F01SF02SS01","id":"28490","type":"RAYON","picto":null,"level":4,"sellerId":null,"slug":"pommes","selected":false,"children":null,"layers":"\/navigation\/28490\/layers","link":"\/r\/fruits-et-legumes\/fruits\/pommes-poires-et-raisins\/pommes"},{"name":"Poires","code":"R03F01SF02SS02","id":"28491","type":"RAYON","picto":null,"level":4,"sellerId":null,"slug":"poires","selected":false,"children":null,"layers":"\/navigation\/28491\/layers","link":"\/r\/fruits-et-legumes\/fruits\/pommes-poires-et-raisins\/poires"},{"name":"Raisins","code":"R03F01SF02SS03","id":"28492","type":"RAYON","picto":null,"level":4,"sellerId":null,"slug":"raisins","selected":false,"children":null,"layers":"\/navigation\/28492\/layers","link":"\/r\/fruits-et-legumes\/fruits\/pommes-poires-et-raisins\/raisins"}],"layers":"\/navigation\/28489\/layers","link":"\/r\/fruits-et-legumes\/fruits\/pommes-poires-et-raisins"},{"name":"Agrumes","code":"R03F01SF03","id":"28493","type":"RAYON","picto":null,"level":3,"sellerId":null,"slug":"agrumes","selected":false,"children":[{"name":"Oranges","code":"R03F01SF03SS01","id":"28494","type":"RAYON","picto":null,"level":4,"sellerId":null,"slug":"oranges","selected":false,"children":null,"layers":"\/navigation\/28494\/layers","link":"\/r\/fruits-et-legumes\/fruits\/agrumes\/oranges"},{"name":"Pamplemousses","code":"R03F01SF03SS02","id":"28495","type":"RAYON","picto":null,"level":4,"sellerId":null,"slug":"pamplemousses","selected":false,"children":null,"layers":"\/navigation\/28495\/layers","link":"\/r\/fruits-et-legumes\/fruits\/agrumes\/pamplemousses"},{"name":"Cl\u00e9mentines","code":"R03F01SF03SS03","id":"28496","type":"RAYON","picto":null,"level":4,"sellerId":null,"slug":"clementines","selected":false,"children":null,"layers":"\/navigation\/28496\/layers","link":"\/r\/fruits-et-legumes\/fruits\/agrumes\/clementines"},{"name":"Citrons","code":"R03F01SF03SS04","id":"28497","type":"RAYON","picto":null,"level":4,"sellerId":null,"slug":"citrons","selected":false,"children":null,"layers":"\/navigation\/28497\/layers","link":"\/r\/fruits-et-legumes\/fruits\/agrumes\/citrons"}],"layers":"\/navigation\/28493\/layers","link":"\/r\/fruits-et-legumes\/fruits\/agrumes"},{"name":"Bananes et Kiwis","code":"R03F01SF04","id":"28480","type":"RAYON","picto":null,"level":3,"sellerId":null,"slug":"bananes-et-kiwis","selected":false,"children":[{"name":"Bananes","code":"R03F01SF04SS01","id":"28481","type":"RAYON","picto":null,"level":4,"sellerId":null,"slug":"bananes","selected":false,"children":null,"layers":"\/navigation\/28481\/layers","link":"\/r\/fruits-et-legumes\/fruits\/bananes-et-kiwis\/bananes"},{"name":"Kiwis","code":"R03F01SF04SS02","id":"28482","type":"RAYON","picto":null,"level":4,"sellerId":null,"slug":"kiwis","selected":false,"children":null,"layers":"\/navigation\/28482\/layers","link":"\/r\/fruits-et-legumes\/fruits\/bananes-et-kiwis\/kiwis"}],"layers":"\/navigation\/28480\/layers","link":"\/r\/fruits-et-legumes\/fruits\/bananes-et-kiwis"},{"name":"Fruits exotiques","code":"R03F01SF05","id":"28483","type":"RAYON","picto":null,"level":3,"sellerId":null,"slug":"fruits-exotiques","selected":false,"children":[{"name":"Ananas","code":"R03F01SF05SS01","id":"28484","type":"RAYON","picto":null,"level":4,"sellerId":null,"slug":"ananas","selected":false,"children":null,"layers":"\/navigation\/28484\/layers","link":"\/r\/fruits-et-legumes\/fruits\/fruits-exotiques\/ananas"},{"name":"Mangues","code":"R03F01SF05SS02","id":"28485","type":"RAYON","picto":null,"level":4,"sellerId":null,"slug":"mangues","selected":false,"children":null,"layers":"\/navigation\/28485\/layers","link":"\/r\/fruits-et-legumes\/fruits\/fruits-exotiques\/mangues"},{"name":"Litchis","code":"R03F01SF05SS03","id":"28486","type":"RAYON","picto":null,"level":4,"sellerId":null,"slug":"litchis","selected":false,"children":null,"layers":"\/navigation\/28486\/layers","link":"\/r\/fruits-et-legumes\/fruits\/fruits-exotiques\/litchis"},{"name":"Grenades","code":"R03F01SF05SS04","id":"28487","type":"RAYON","picto":null,"level":4,"sellerId":null,"slug":"grenades","selected":false,"children":null,"layers":"\/navigation\/28487\/layers","link":"\/r\/fruits-et-legumes\/fruits\/fruits-exotiques\/grenades"},{"name":"Autres fruits exotiques","code":"R03F01SF05SS05","id":"28488","type":"RAYON","picto":null,"level":4,"sellerId":null,"slug":"autres-fruits-exotiques","selected":false,"children":null,"layers":"\/navigation\/28488\/layers","link":"\/r\/fruits-et-legumes\/fruits\/fruits-exotiques\/autres-fruits-exotiques"}],"layers":"\/navigation\/28483\/layers","link":"\/r\/fruits-et-legumes\/fruits\/fruits-exotiques"},{"name":"Fruits rouges","code":"R03F01SF06","id":"28473","type":"RAYON","picto":null,"level":3,"sellerId":null,"slug":"fruits-rouges","selected":false,"children":[{"name":"Fraises","code":"R03F01SF06SS01","id":"28474","type":"RAYON","picto":null,"level":4,"sellerId":null,"slug":"fraises","selected":false,"children":null,"layers":"\/navigation\/28474\/layers","link":"\/r\/fruits-et-legumes\/fruits\/fruits-rouges\/fraises"},{"name":"Framboises","code":"R03F01SF06SS02","id":"28475","type":"RAYON","picto":null,"level":4,"sellerId":null,"slug":"framboises","selected":false,"children":null,"layers":"\/navigation\/28475\/layers","link":"\/r\/fruits-et-legumes\/fruits\/fruits-rouges\/framboises"},{"name":"Cerises","code":"R03F01SF06SS03","id":"28476","type":"RAYON","picto":null,"level":4,"sellerId":null,"slug":"cerises","selected":false,"children":null,"layers":"\/navigation\/28476\/layers","link":"\/r\/fruits-et-legumes\/fruits\/fruits-rouges\/cerises"},{"name":"Figues","code":"R03F01SF06SS04","id":"28477","type":"RAYON","picto":null,"level":4,"sellerId":null,"slug":"figues","selected":false,"children":null,"layers":"\/navigation\/28477\/layers","link":"\/r\/fruits-et-legumes\/fruits\/fruits-rouges\/figues"},{"name":"Myrtilles","code":"R03F01SF06SS05","id":"28478","type":"RAYON","picto":null,"level":4,"sellerId":null,"slug":"myrtilles","selected":false,"children":null,"layers":"\/navigation\/28478\/layers","link":"\/r\/fruits-et-legumes\/fruits\/fruits-rouges\/myrtilles"},{"name":"Groseilles","code":"R03F01SF06SS06","id":"28479","type":"RAYON","picto":null,"level":4,"sellerId":null,"slug":"groseilles","selected":false,"children":null,"layers":"\/navigation\/28479\/layers","link":"\/r\/fruits-et-legumes\/fruits\/fruits-rouges\/groseilles"},{"name":"M\u00fbres","code":"R03F01SF06SS07","id":"28558","type":"RAYON","picto":null,"level":4,"sellerId":null,"slug":"mures","selected":false,"children":null,"layers":"\/navigation\/28558\/layers","link":"\/r\/fruits-et-legumes\/fruits\/fruits-rouges\/mures"}],"layers":"\/navigation\/28473\/layers","link":"\/r\/fruits-et-legumes\/fruits\/fruits-rouges"},{"name":"Prunes, P\u00eaches, Nectarines, Abricots","code":"R03F01SF07","id":"28465","type":"RAYON","picto":null,"level":3,"sellerId":null,"slug":"prunes-peches-nectarines-abricots","selected":false,"children":[{"name":"Prunes","code":"R03F01SF07SS01","id":"28466","type":"RAYON","picto":null,"level":4,"sellerId":null,"slug":"prunes","selected":false,"children":null,"layers":"\/navigation\/28466\/layers","link":"\/r\/fruits-et-legumes\/fruits\/prunes-peches-nectarines-abricots\/prunes"},{"name":"Abricots","code":"R03F01SF07SS02","id":"28467","type":"RAYON","picto":null,"level":4,"sellerId":null,"slug":"abricots","selected":false,"children":null,"layers":"\/navigation\/28467\/layers","link":"\/r\/fruits-et-legumes\/fruits\/prunes-peches-nectarines-abricots\/abricots"},{"name":"P\u00eaches","code":"R03F01SF07SS03","id":"28468","type":"RAYON","picto":null,"level":4,"sellerId":null,"slug":"peches","selected":false,"children":null,"layers":"\/navigation\/28468\/layers","link":"\/r\/fruits-et-legumes\/fruits\/prunes-peches-nectarines-abricots\/peches"},{"name":"Nectarines","code":"R03F01SF07SS04","id":"28469","type":"RAYON","picto":null,"level":4,"sellerId":null,"slug":"nectarines","selected":false,"children":null,"layers":"\/navigation\/28469\/layers","link":"\/r\/fruits-et-legumes\/fruits\/prunes-peches-nectarines-abricots\/nectarines"}],"layers":"\/navigation\/28465\/layers","link":"\/r\/fruits-et-legumes\/fruits\/prunes-peches-nectarines-abricots"},{"name":"Melons et Past\u00e8ques","code":"R03F01SF08","id":"28470","type":"RAYON","picto":null,"level":3,"sellerId":null,"slug":"melons-et-pasteques","selected":false,"children":[{"name":"Melons","code":"R03F01SF08SS01","id":"28471","type":"RAYON","picto":null,"level":4,"sellerId":null,"slug":"melons","selected":false,"children":null,"layers":"\/navigation\/28471\/layers","link":"\/r\/fruits-et-legumes\/fruits\/melons-et-pasteques\/melons"},{"name":"Past\u00e8ques","code":"R03F01SF08SS02","id":"28472","type":"RAYON","picto":null,"level":4,"sellerId":null,"slug":"pasteques","selected":false,"children":null,"layers":"\/navigation\/28472\/layers","link":"\/r\/fruits-et-legumes\/fruits\/melons-et-pasteques\/pasteques"}],"layers":"\/navigation\/28470\/layers","link":"\/r\/fruits-et-legumes\/fruits\/melons-et-pasteques"}],"layers":"\/navigation\/1883\/layers","link":"\/r\/fruits-et-legumes\/fruits"},{"name":"L\u00e9gumes","code":"R03F02","id":"1892","type":"RAYON","picto":"https:\/\/media.carrefour.fr\/medias\/bae3a9a0f7f03973bb40a39de2c8fd0c\/p_96x96\/1892.jpg","level":2,"sellerId":null,"slug":"legumes","selected":false,"children":[{"name":"L\u00e9gumes de saison","code":"R03F02SF01","id":"1893","type":"RAYON","picto":null,"level":3,"sellerId":null,"slug":"legumes-de-saison","selected":false,"children":null,"layers":"\/navigation\/1893\/layers","link":"\/r\/fruits-et-legumes\/legumes\/legumes-de-saison"},{"name":"Choux, Poireaux, Navets et C\u00e9leris","code":"R03F02SF02","id":"28512","type":"RAYON","picto":null,"level":3,"sellerId":null,"slug":"choux-poireaux-navets-et-celeris","selected":false,"children":[{"name":"Choux-fleur","code":"R03F02SF02SS01","id":"28513","type":"RAYON","picto":null,"level":4,"sellerId":null,"slug":"choux-fleur","selected":false,"children":null,"layers":"\/navigation\/28513\/layers","link":"\/r\/fruits-et-legumes\/legumes\/choux-poireaux-navets-et-celeris\/choux-fleur"},{"name":"Choux","code":"R03F02SF02SS02","id":"28514","type":"RAYON","picto":null,"level":4,"sellerId":null,"slug":"choux","selected":false,"children":null,"layers":"\/navigation\/28514\/layers","link":"\/r\/fruits-et-legumes\/legumes\/choux-poireaux-navets-et-celeris\/choux"},{"name":"Poireaux","code":"R03F02SF02SS03","id":"28515","type":"RAYON","picto":null,"level":4,"sellerId":null,"slug":"poireaux","selected":false,"children":null,"layers":"\/navigation\/28515\/layers","link":"\/r\/fruits-et-legumes\/legumes\/choux-poireaux-navets-et-celeris\/poireaux"},{"name":"Navets","code":"R03F02SF02SS04","id":"28516","type":"RAYON","picto":null,"level":4,"sellerId":null,"slug":"navets","selected":false,"children":null,"layers":"\/navigation\/28516\/layers","link":"\/r\/fruits-et-legumes\/legumes\/choux-poireaux-navets-et-celeris\/navets"},{"name":"C\u00e9leris","code":"R03F02SF02SS05","id":"28517","type":"RAYON","picto":null,"level":4,"sellerId":null,"slug":"celeries","selected":false,"children":null,"layers":"\/navigation\/28517\/layers","link":"\/r\/fruits-et-legumes\/legumes\/choux-poireaux-navets-et-celeris\/celeries"}],"layers":"\/navigation\/28512\/layers","link":"\/r\/fruits-et-legumes\/legumes\/choux-poireaux-navets-et-celeris"},{"name":"Carottes et Pommes de terre","code":"R03F02SF03","id":"28518","type":"RAYON","picto":null,"level":3,"sellerId":null,"slug":"carottes-et-pommes-de-terre","selected":false,"children":[{"name":"Carottes","code":"R03F02SF03SS01","id":"28519","type":"RAYON","picto":null,"level":4,"sellerId":null,"slug":"carottes","selected":false,"children":null,"layers":"\/navigation\/28519\/layers","link":"\/r\/fruits-et-legumes\/legumes\/carottes-et-pommes-de-terre\/carottes"},{"name":"Pommes de terre primeurs","code":"R03F02SF03SS02","id":"28520","type":"RAYON","picto":null,"level":4,"sellerId":null,"slug":"pommes-de-terre-primeur","selected":false,"children":null,"layers":"\/navigation\/28520\/layers","link":"\/r\/fruits-et-legumes\/legumes\/carottes-et-pommes-de-terre\/pommes-de-terre-primeur"},{"name":"Pommes de terre blanches","code":"R03F02SF03SS03","id":"28521","type":"RAYON","picto":null,"level":4,"sellerId":null,"slug":"pommes-de-terre-blanche","selected":false,"children":null,"layers":"\/navigation\/28521\/layers","link":"\/r\/fruits-et-legumes\/legumes\/carottes-et-pommes-de-terre\/pommes-de-terre-blanche"},{"name":"Pommes de terre rouges","code":"R03F02SF03SS04","id":"28522","type":"RAYON","picto":null,"level":4,"sellerId":null,"slug":"pommes-de-terre-blanche","selected":false,"children":null,"layers":"\/navigation\/28522\/layers","link":"\/r\/fruits-et-legumes\/legumes\/carottes-et-pommes-de-terre\/pommes-de-terre-blanche"},{"name":"Patates douces","code":"R03F02SF03SS05","id":"28523","type":"RAYON","picto":null,"level":4,"sellerId":null,"slug":"patates-douces","selected":false,"children":null,"layers":"\/navigation\/28523\/layers","link":"\/r\/fruits-et-legumes\/legumes\/carottes-et-pommes-de-terre\/patates-douces"}],"layers":"\/navigation\/28518\/layers","link":"\/r\/fruits-et-legumes\/legumes\/carottes-et-pommes-de-terre"},{"name":"Potirons, Courges et L\u00e9gumes anciens","code":"R03F02SF04","id":"28534","type":"RAYON","picto":null,"level":3,"sellerId":null,"slug":"potirons-courges-et-legumes-anciens","selected":false,"children":[{"name":"Potirons","code":"R03F02SF04SS01","id":"28535","type":"RAYON","picto":null,"level":4,"sellerId":null,"slug":"potirons","selected":false,"children":null,"layers":"\/navigation\/28535\/layers","link":"\/r\/fruits-et-legumes\/legumes\/potirons-courges-et-legumes-anciens\/potirons"},{"name":"Courges","code":"R03F02SF04SS02","id":"28536","type":"RAYON","picto":null,"level":4,"sellerId":null,"slug":"courges","selected":false,"children":null,"layers":"\/navigation\/28536\/layers","link":"\/r\/fruits-et-legumes\/legumes\/potirons-courges-et-legumes-anciens\/courges"},{"name":"L\u00e9gumes anciens","code":"R03F02SF04SS03","id":"28537","type":"RAYON","picto":null,"level":4,"sellerId":null,"slug":"legumes-anciens","selected":false,"children":null,"layers":"\/navigation\/28537\/layers","link":"\/r\/fruits-et-legumes\/legumes\/potirons-courges-et-legumes-anciens\/legumes-anciens"}],"layers":"\/navigation\/28534\/layers","link":"\/r\/fruits-et-legumes\/legumes\/potirons-courges-et-legumes-anciens"},{"name":"L\u00e9gumes verts et Asperges","code":"R03F02SF05","id":"28524","type":"RAYON","picto":null,"level":3,"sellerId":null,"slug":"legumes-verts-et-asperges","selected":false,"children":[{"name":"Asperges","code":"R03F02SF05SS01","id":"28525","type":"RAYON","picto":null,"level":4,"sellerId":null,"slug":"asperges","selected":false,"children":null,"layers":"\/navigation\/28525\/layers","link":"\/r\/fruits-et-legumes\/legumes\/legumes-verts-et-asperges\/asperges"},{"name":"Haricots","code":"R03F02SF05SS02","id":"28526","type":"RAYON","picto":null,"level":4,"sellerId":null,"slug":"haricots","selected":false,"children":null,"layers":"\/navigation\/28526\/layers","link":"\/r\/fruits-et-legumes\/legumes\/legumes-verts-et-asperges\/haricots"},{"name":"Brocolis","code":"R03F02SF05SS03","id":"28527","type":"RAYON","picto":null,"level":4,"sellerId":null,"slug":"brocolis","selected":false,"children":null,"layers":"\/navigation\/28527\/layers","link":"\/r\/fruits-et-legumes\/legumes\/legumes-verts-et-asperges\/brocolis"},{"name":"Artichauts","code":"R03F02SF05SS04","id":"28559","type":"RAYON","picto":null,"level":4,"sellerId":null,"slug":"artichauts","selected":false,"children":null,"layers":"\/navigation\/28559\/layers","link":"\/r\/fruits-et-legumes\/legumes\/legumes-verts-et-asperges\/artichauts"},{"name":"Autres l\u00e9gumes verts","code":"R03F02SF05SS05","id":"28528","type":"RAYON","picto":null,"level":4,"sellerId":null,"slug":"autres-legumes-verts","selected":false,"children":null,"layers":"\/navigation\/28528\/layers","link":"\/r\/fruits-et-legumes\/legumes\/legumes-verts-et-asperges\/autres-legumes-verts"}],"layers":"\/navigation\/28524\/layers","link":"\/r\/fruits-et-legumes\/legumes\/legumes-verts-et-asperges"},{"name":"Champignons","code":"R03F02SF06","id":"1898","type":"RAYON","picto":null,"level":3,"sellerId":null,"slug":"champignons","selected":false,"children":null,"layers":"\/navigation\/1898\/layers","link":"\/r\/fruits-et-legumes\/legumes\/champignons"},{"name":"Salades et Tomates","code":"R03F02SF07","id":"28507","type":"RAYON","picto":null,"level":3,"sellerId":null,"slug":"salades-et-tomates","selected":false,"children":[{"name":"Salades","code":"R03F02SF07SS01","id":"28508","type":"RAYON","picto":null,"level":4,"sellerId":null,"slug":"salades","selected":false,"children":null,"layers":"\/navigation\/28508\/layers","link":"\/r\/fruits-et-legumes\/legumes\/salades-et-tomates\/salades"},{"name":"Endives","code":"R03F02SF07SS02","id":"28509","type":"RAYON","picto":null,"level":4,"sellerId":null,"slug":"endives","selected":false,"children":null,"layers":"\/navigation\/28509\/layers","link":"\/r\/fruits-et-legumes\/legumes\/salades-et-tomates\/endives"},{"name":"Tomates","code":"R03F02SF07SS03","id":"28510","type":"RAYON","picto":null,"level":4,"sellerId":null,"slug":"tomates","selected":false,"children":null,"layers":"\/navigation\/28510\/layers","link":"\/r\/fruits-et-legumes\/legumes\/salades-et-tomates\/tomates"},{"name":"Tomates cerises","code":"R03F02SF07SS04","id":"28511","type":"RAYON","picto":null,"level":4,"sellerId":null,"slug":"tomates-cerises","selected":false,"children":null,"layers":"\/navigation\/28511\/layers","link":"\/r\/fruits-et-legumes\/legumes\/salades-et-tomates\/tomates-cerises"}],"layers":"\/navigation\/28507\/layers","link":"\/r\/fruits-et-legumes\/legumes\/salades-et-tomates"},{"name":"Concombres, Avocats, Betteraves et Radis","code":"R03F02SF08","id":"28502","type":"RAYON","picto":null,"level":3,"sellerId":null,"slug":"concombres-avocats-betteraves-et-radis","selected":false,"children":[{"name":"Concombres","code":"R03F02SF08SS01","id":"28503","type":"RAYON","picto":null,"level":4,"sellerId":null,"slug":"concombres","selected":false,"children":null,"layers":"\/navigation\/28503\/layers","link":"\/r\/fruits-et-legumes\/legumes\/concombres-avocats-betteraves-et-radis\/concombres"},{"name":"Avocats","code":"R03F02SF08SS02","id":"28504","type":"RAYON","picto":null,"level":4,"sellerId":null,"slug":"avocats","selected":false,"children":null,"layers":"\/navigation\/28504\/layers","link":"\/r\/fruits-et-legumes\/legumes\/concombres-avocats-betteraves-et-radis\/avocats"},{"name":"Betteraves","code":"R03F02SF08SS03","id":"28505","type":"RAYON","picto":null,"level":4,"sellerId":null,"slug":"betteraves","selected":false,"children":null,"layers":"\/navigation\/28505\/layers","link":"\/r\/fruits-et-legumes\/legumes\/concombres-avocats-betteraves-et-radis\/betteraves"},{"name":"Radis","code":"R03F02SF08SS04","id":"28506","type":"RAYON","picto":null,"level":4,"sellerId":null,"slug":"radis","selected":false,"children":null,"layers":"\/navigation\/28506\/layers","link":"\/r\/fruits-et-legumes\/legumes\/concombres-avocats-betteraves-et-radis\/radis"}],"layers":"\/navigation\/28502\/layers","link":"\/r\/fruits-et-legumes\/legumes\/concombres-avocats-betteraves-et-radis"},{"name":"Aubergines, Courgettes et Poivrons","code":"R03F02SF09","id":"28498","type":"RAYON","picto":null,"level":3,"sellerId":null,"slug":"aubergines-courgettes-et-poivrons","selected":false,"children":[{"name":"Aubergines","code":"R03F02SF09SS01","id":"28499","type":"RAYON","picto":null,"level":4,"sellerId":null,"slug":"aubergines","selected":false,"children":null,"layers":"\/navigation\/28499\/layers","link":"\/r\/fruits-et-legumes\/legumes\/aubergines-courgettes-et-poivrons\/aubergines"},{"name":"Courgettes","code":"R03F02SF09SS02","id":"28500","type":"RAYON","picto":null,"level":4,"sellerId":null,"slug":"courgettes","selected":false,"children":null,"layers":"\/navigation\/28500\/layers","link":"\/r\/fruits-et-legumes\/legumes\/aubergines-courgettes-et-poivrons\/courgettes"},{"name":"Poivrons","code":"R03F02SF09SS03","id":"28501","type":"RAYON","picto":null,"level":4,"sellerId":null,"slug":"poivrons","selected":false,"children":null,"layers":"\/navigation\/28501\/layers","link":"\/r\/fruits-et-legumes\/legumes\/aubergines-courgettes-et-poivrons\/poivrons"}],"layers":"\/navigation\/28498\/layers","link":"\/r\/fruits-et-legumes\/legumes\/aubergines-courgettes-et-poivrons"},{"name":"Ail, Oignons et Echalotes","code":"R03F02SF10","id":"28529","type":"RAYON","picto":null,"level":3,"sellerId":null,"slug":"ail-oignons-et-echalotes","selected":false,"children":[{"name":"Oignons jaunes","code":"R03F02SF10SS01","id":"28530","type":"RAYON","picto":null,"level":4,"sellerId":null,"slug":"oignons-jaunes","selected":false,"children":null,"layers":"\/navigation\/28530\/layers","link":"\/r\/fruits-et-legumes\/legumes\/ail-oignons-et-echalotes\/oignons-jaunes"},{"name":"Oignons rouges","code":"R03F02SF10SS02","id":"28531","type":"RAYON","picto":null,"level":4,"sellerId":null,"slug":"oignons-rouges","selected":false,"children":null,"layers":"\/navigation\/28531\/layers","link":"\/r\/fruits-et-legumes\/legumes\/ail-oignons-et-echalotes\/oignons-rouges"},{"name":"Ail","code":"R03F02SF10SS03","id":"28532","type":"RAYON","picto":null,"level":4,"sellerId":null,"slug":"ail","selected":false,"children":null,"layers":"\/navigation\/28532\/layers","link":"\/r\/fruits-et-legumes\/legumes\/ail-oignons-et-echalotes\/ail"},{"name":"Echalottes","code":"R03F02SF10SS04","id":"28533","type":"RAYON","picto":null,"level":4,"sellerId":null,"slug":"echalottes","selected":false,"children":null,"layers":"\/navigation\/28533\/layers","link":"\/r\/fruits-et-legumes\/legumes\/ail-oignons-et-echalotes\/echalottes"}],"layers":"\/navigation\/28529\/layers","link":"\/r\/fruits-et-legumes\/legumes\/ail-oignons-et-echalotes"},{"name":"Herbes aromatiques et Epices","code":"R03F02SF11","id":"28538","type":"RAYON","picto":null,"level":3,"sellerId":null,"slug":"herbes-aromatiques-et-epices","selected":false,"children":[{"name":"Menthe","code":"R03F02SF11SS01","id":"28539","type":"RAYON","picto":null,"level":4,"sellerId":null,"slug":"menthe","selected":false,"children":null,"layers":"\/navigation\/28539\/layers","link":"\/r\/fruits-et-legumes\/legumes\/herbes-aromatiques-et-epices\/menthe"},{"name":"Persil","code":"R03F02SF11SS02","id":"28540","type":"RAYON","picto":null,"level":4,"sellerId":null,"slug":"persil","selected":false,"children":null,"layers":"\/navigation\/28540\/layers","link":"\/r\/fruits-et-legumes\/legumes\/herbes-aromatiques-et-epices\/persil"},{"name":"Basilic","code":"R03F02SF11SS03","id":"28560","type":"RAYON","picto":null,"level":4,"sellerId":null,"slug":"basilic","selected":false,"children":null,"layers":"\/navigation\/28560\/layers","link":"\/r\/fruits-et-legumes\/legumes\/herbes-aromatiques-et-epices\/basilic"},{"name":"Coriandre","code":"R03F02SF11SS04","id":"28561","type":"RAYON","picto":null,"level":4,"sellerId":null,"slug":"coriandre","selected":false,"children":null,"layers":"\/navigation\/28561\/layers","link":"\/r\/fruits-et-legumes\/legumes\/herbes-aromatiques-et-epices\/coriandre"},{"name":"Ciboulette","code":"R03F02SF11SS05","id":"28562","type":"RAYON","picto":null,"level":4,"sellerId":null,"slug":"ciboulette","selected":false,"children":null,"layers":"\/navigation\/28562\/layers","link":"\/r\/fruits-et-legumes\/legumes\/herbes-aromatiques-et-epices\/ciboulette"},{"name":"Autres herbes aromatiques","code":"R03F02SF11SS06","id":"28541","type":"RAYON","picto":null,"level":4,"sellerId":null,"slug":"autres-herbes-aromatiques","selected":false,"children":null,"layers":"\/navigation\/28541\/layers","link":"\/r\/fruits-et-legumes\/legumes\/herbes-aromatiques-et-epices\/autres-herbes-aromatiques"},{"name":"\u00c9pices","code":"R03F02SF11SS07","id":"28542","type":"RAYON","picto":null,"level":4,"sellerId":null,"slug":"epices","selected":false,"children":null,"layers":"\/navigation\/28542\/layers","link":"\/r\/fruits-et-legumes\/legumes\/herbes-aromatiques-et-epices\/epices"}],"layers":"\/navigation\/28538\/layers","link":"\/r\/fruits-et-legumes\/legumes\/herbes-aromatiques-et-epices"}],"layers":"\/navigation\/1892\/layers","link":"\/r\/fruits-et-legumes\/legumes"},{"name":"Fruits et L\u00e9gumes Bio","code":"R03F03","id":"1904","type":"RAYON","picto":"https:\/\/media.carrefour.fr\/medias\/e0b042677a783930ab9bf1453eac0b15\/p_96x96\/1904.jpg","level":2,"sellerId":null,"slug":"fruits-et-legumes-bio","selected":false,"children":[{"name":"Fruits Bio","code":"R03F03SF01","id":"1905","type":"RAYON","picto":null,"level":3,"sellerId":null,"slug":"fruits-bio","selected":false,"children":null,"layers":"\/navigation\/1905\/layers","link":"\/r\/fruits-et-legumes\/fruits-et-legumes-bio\/fruits-bio"},{"name":"L\u00e9gumes Bio","code":"R03F03SF02","id":"1906","type":"RAYON","picto":null,"level":3,"sellerId":null,"slug":"legumes-bio","selected":false,"children":null,"layers":"\/navigation\/1906\/layers","link":"\/r\/fruits-et-legumes\/fruits-et-legumes-bio\/legumes-bio"},{"name":"Fruits et L\u00e9gumes secs Bio","code":"R03F03SF03","id":"1907","type":"RAYON","picto":null,"level":3,"sellerId":null,"slug":"fruits-et-legumes-secs-bio","selected":false,"children":null,"layers":"\/navigation\/1907\/layers","link":"\/r\/fruits-et-legumes\/fruits-et-legumes-bio\/fruits-et-legumes-secs-bio"}],"layers":"\/navigation\/1904\/layers","link":"\/r\/fruits-et-legumes\/fruits-et-legumes-bio"},{"name":"Jus de fruits et L\u00e9gumes frais","code":"R03F04","id":"28548","type":"RAYON","picto":null,"level":2,"sellerId":null,"slug":"jus-de-fruits-et-legumes-frais","selected":false,"children":[{"name":"Jus de fruits","code":"R03F04SF01","id":"28549","type":"RAYON","picto":null,"level":3,"sellerId":null,"slug":"jus-de-fruits","selected":false,"children":null,"layers":"\/navigation\/28549\/layers","link":"\/r\/fruits-et-legumes\/jus-de-fruits-et-legumes-frais\/jus-de-fruits"},{"name":"Smoothies","code":"R03F04SF02","id":"28550","type":"RAYON","picto":null,"level":3,"sellerId":null,"slug":"smoothies","selected":false,"children":null,"layers":"\/navigation\/28550\/layers","link":"\/r\/fruits-et-legumes\/jus-de-fruits-et-legumes-frais\/smoothies"},{"name":"Soupes fra\u00eeches et Gaspachos","code":"R03F04SF03","id":"28551","type":"RAYON","picto":null,"level":3,"sellerId":null,"slug":"soupes-fraiches-gaspachos","selected":false,"children":null,"layers":"\/navigation\/28551\/layers","link":"\/r\/fruits-et-legumes\/jus-de-fruits-et-legumes-frais\/soupes-fraiches-gaspachos"}],"layers":"\/navigation\/28548\/layers","link":"\/r\/fruits-et-legumes\/jus-de-fruits-et-legumes-frais"},{"name":"Pr\u00eat \u00e0 consommer","code":"R03F05","id":"1913","type":"RAYON","picto":"https:\/\/media.carrefour.fr\/medias\/d725a2c2469d3cc896416547806c3755\/p_96x96\/1913.jpg","level":2,"sellerId":null,"slug":"pret-a-consommer","selected":false,"children":[{"name":"Salades en sachet","code":"R03F05SF01","id":"28544","type":"RAYON","picto":null,"level":3,"sellerId":null,"slug":"salades-sachet","selected":false,"children":null,"layers":"\/navigation\/28544\/layers","link":"\/r\/fruits-et-legumes\/pret-a-consommer\/salades-sachet"},{"name":"Fruits d\u00e9coup\u00e9s","code":"R03F05SF02","id":"28545","type":"RAYON","picto":null,"level":3,"sellerId":null,"slug":"fruits-decoupes","selected":false,"children":null,"layers":"\/navigation\/28545\/layers","link":"\/r\/fruits-et-legumes\/pret-a-consommer\/fruits-decoupes"},{"name":"Pur\u00e9es fra\u00eeches","code":"R03F05SF03","id":"28546","type":"RAYON","picto":null,"level":3,"sellerId":null,"slug":"purees-fraiches","selected":false,"children":null,"layers":"\/navigation\/28546\/layers","link":"\/r\/fruits-et-legumes\/pret-a-consommer\/purees-fraiches"},{"name":"L\u00e9gumes d\u00e9coup\u00e9s","code":"R03F05SF04","id":"28555","type":"RAYON","picto":null,"level":3,"sellerId":null,"slug":"legumes-decoupes","selected":false,"children":null,"layers":"\/navigation\/28555\/layers","link":"\/r\/fruits-et-legumes\/pret-a-consommer\/legumes-decoupes"},{"name":"Crudit\u00e9s","code":"R03F05SF05","id":"28556","type":"RAYON","picto":null,"level":3,"sellerId":null,"slug":"crudites","selected":false,"children":null,"layers":"\/navigation\/28556\/layers","link":"\/r\/fruits-et-legumes\/pret-a-consommer\/crudites"}],"layers":"\/navigation\/1913\/layers","link":"\/r\/fruits-et-legumes\/pret-a-consommer"},{"name":"Fruits et L\u00e9gumes secs","code":"R03F06","id":"1908","type":"RAYON","picto":"https:\/\/media.carrefour.fr\/medias\/7ddaad0c7f913f08a378b098d38085b5\/p_96x96\/1908.jpg","level":2,"sellerId":null,"slug":"fruits-et-legumes-secs","selected":false,"children":[{"name":"Pruneaux et Fruits s\u00e9ch\u00e9s","code":"R03F06SF01","id":"1909","type":"RAYON","picto":null,"level":3,"sellerId":null,"slug":"pruneaux-et-fruits-seches","selected":false,"children":null,"layers":"\/navigation\/1909\/layers","link":"\/r\/fruits-et-legumes\/fruits-et-legumes-secs\/pruneaux-et-fruits-seches"},{"name":"Fruits secs aide culinaire","code":"R03F06SF02","id":"1910","type":"RAYON","picto":null,"level":3,"sellerId":null,"slug":"fruits-secs-aide-culinaire","selected":false,"children":null,"layers":"\/navigation\/1910\/layers","link":"\/r\/fruits-et-legumes\/fruits-et-legumes-secs\/fruits-secs-aide-culinaire"},{"name":"L\u00e9gumes secs","code":"R03F06SF03","id":"1912","type":"RAYON","picto":null,"level":3,"sellerId":null,"slug":"legumes-secs","selected":false,"children":null,"layers":"\/navigation\/1912\/layers","link":"\/r\/fruits-et-legumes\/fruits-et-legumes-secs\/legumes-secs"},{"name":"Fruits secs m\u00e9langes et graines","code":"R03F06SF04","id":"28543","type":"RAYON","picto":null,"level":3,"sellerId":null,"slug":"fruits-secs-melanges-graines","selected":false,"children":null,"layers":"\/navigation\/28543\/layers","link":"\/r\/fruits-et-legumes\/fruits-et-legumes-secs\/fruits-secs-melanges-graines"}],"layers":"\/navigation\/1908\/layers","link":"\/r\/fruits-et-legumes\/fruits-et-legumes-secs"},{"name":"Corbeilles et Paniers","code":"R03F07","id":"1920","type":"RAYON","picto":"https:\/\/media.carrefour.fr\/medias\/d9162bce672736ac82d0c76dbfc9f4e6\/p_96x96\/1920.jpg","level":2,"sellerId":null,"slug":"corbeille-et-panier","selected":false,"children":null,"layers":"\/navigation\/1920\/layers","link":"\/r\/fruits-et-legumes\/corbeille-et-panier"}],"layers":"\/navigation\/1882\/layers","link":"\/r\/fruits-et-legumes"},{"name":"Viandes et Poissons","code":"R04","id":"1921","type":"RAYON","picto":"https:\/\/media.carrefour.fr\/medias\/9e116ecf9a313f8b959b5e603d7933a5\/p_96x96\/1921.jpg","level":1,"sellerId":null,"slug":"viandes-et-poissons","selected":false,"children":[{"name":"Volaille et R\u00f4tisserie","code":"R04F01","id":"1931","type":"RAYON","picto":"https:\/\/media.carrefour.fr\/medias\/96ad922a2c1030bba58268be880c9ea9\/p_96x96\/1931.jpg","level":2,"sellerId":null,"slug":"volaille-et-rotisserie","selected":false,"children":[{"name":"Poulets","code":"R04F01SF01","id":"28439","type":"RAYON","picto":null,"level":3,"sellerId":null,"slug":"poulets","selected":false,"children":[{"name":"Poulets entiers","code":"R04F01SF01SS01","id":"28440","type":"RAYON","picto":null,"level":4,"sellerId":null,"slug":"poulets-entiers","selected":false,"children":null,"layers":"\/navigation\/28440\/layers","link":"\/r\/viandes-et-poissons\/volaille-et-rotisserie\/poulets\/poulets-entiers"},{"name":"Cuisses et Ailes","code":"R04F01SF01SS02","id":"28441","type":"RAYON","picto":null,"level":4,"sellerId":null,"slug":"cuisses-ailes","selected":false,"children":null,"layers":"\/navigation\/28441\/layers","link":"\/r\/viandes-et-poissons\/volaille-et-rotisserie\/poulets\/cuisses-ailes"},{"name":"Filets et Aiguillettes","code":"R04F01SF01SS03","id":"28442","type":"RAYON","picto":null,"level":4,"sellerId":null,"slug":"filets-aiguillettes","selected":false,"children":null,"layers":"\/navigation\/28442\/layers","link":"\/r\/viandes-et-poissons\/volaille-et-rotisserie\/poulets\/filets-aiguillettes"}],"layers":"\/navigation\/28439\/layers","link":"\/r\/viandes-et-poissons\/volaille-et-rotisserie\/poulets"},{"name":"R\u00f4tisserie","code":"R04F01SF02","id":"1932","type":"RAYON","picto":null,"level":3,"sellerId":null,"slug":"rotisserie","selected":false,"children":null,"layers":"\/navigation\/1932\/layers","link":"\/r\/viandes-et-poissons\/volaille-et-rotisserie\/rotisserie"},{"name":"Dindes","code":"R04F01SF03","id":"1934","type":"RAYON","picto":null,"level":3,"sellerId":null,"slug":"dindes","selected":false,"children":null,"layers":"\/navigation\/1934\/layers","link":"\/r\/viandes-et-poissons\/volaille-et-rotisserie\/dindes"},{"name":"Canard","code":"R04F01SF04","id":"28443","type":"RAYON","picto":null,"level":3,"sellerId":null,"slug":"canard","selected":false,"children":null,"layers":"\/navigation\/28443\/layers","link":"\/r\/viandes-et-poissons\/volaille-et-rotisserie\/canard"},{"name":"Lapin","code":"R04F01SF05","id":"28444","type":"RAYON","picto":null,"level":3,"sellerId":null,"slug":"lapin","selected":false,"children":null,"layers":"\/navigation\/28444\/layers","link":"\/r\/viandes-et-poissons\/volaille-et-rotisserie\/lapin"},{"name":"Cordons bleus et Grignotes","code":"R04F01SF06","id":"28445","type":"RAYON","picto":null,"level":3,"sellerId":null,"slug":"cordons-bleus-grignotes","selected":false,"children":[{"name":"Cordons bleus","code":"R04F01SF06SS01","id":"28446","type":"RAYON","picto":null,"level":4,"sellerId":null,"slug":"cordons-bleus","selected":false,"children":null,"layers":"\/navigation\/28446\/layers","link":"\/r\/viandes-et-poissons\/volaille-et-rotisserie\/cordons-bleus-grignotes\/cordons-bleus"},{"name":"Nuggets","code":"R04F01SF06SS02","id":"28447","type":"RAYON","picto":null,"level":4,"sellerId":null,"slug":"nuggets","selected":false,"children":null,"layers":"\/navigation\/28447\/layers","link":"\/r\/viandes-et-poissons\/volaille-et-rotisserie\/cordons-bleus-grignotes\/nuggets"},{"name":"Grignottes","code":"R04F01SF06SS03","id":"28448","type":"RAYON","picto":null,"level":4,"sellerId":null,"slug":"grignottes","selected":false,"children":null,"layers":"\/navigation\/28448\/layers","link":"\/r\/viandes-et-poissons\/volaille-et-rotisserie\/cordons-bleus-grignotes\/grignottes"}],"layers":"\/navigation\/28445\/layers","link":"\/r\/viandes-et-poissons\/volaille-et-rotisserie\/cordons-bleus-grignotes"},{"name":"Foies et G\u00e9siers","code":"R04F01SF07","id":"28449","type":"RAYON","picto":null,"level":3,"sellerId":null,"slug":"foies-gesiers","selected":false,"children":null,"layers":"\/navigation\/28449\/layers","link":"\/r\/viandes-et-poissons\/volaille-et-rotisserie\/foies-gesiers"}],"layers":"\/navigation\/1931\/layers","link":"\/r\/viandes-et-poissons\/volaille-et-rotisserie"},{"name":"Boucherie","code":"R04F02","id":"1922","type":"RAYON","picto":"https:\/\/media.carrefour.fr\/medias\/34001b9ef2563590bea9ed78f9089b3a\/p_96x96\/1922.jpg","level":2,"sellerId":null,"slug":"boucherie","selected":false,"children":[{"name":"Boucherie \u00e0 la coupe","code":"R04F02SF01","id":"28450","type":"RAYON","picto":null,"level":3,"sellerId":null,"slug":"boucherie-coupe","selected":false,"children":[{"name":"Boeuf","code":"R04F02SF01SS01","id":"28451","type":"RAYON","picto":null,"level":4,"sellerId":null,"slug":"boeuf","selected":false,"children":null,"layers":"\/navigation\/28451\/layers","link":"\/r\/viandes-et-poissons\/boucherie\/boucherie-coupe\/boeuf"},{"name":"Porc","code":"R04F02SF01SS02","id":"28452","type":"RAYON","picto":null,"level":4,"sellerId":null,"slug":"porc","selected":false,"children":null,"layers":"\/navigation\/28452\/layers","link":"\/r\/viandes-et-poissons\/boucherie\/boucherie-coupe\/porc"},{"name":"Veau","code":"R04F02SF01SS03","id":"28453","type":"RAYON","picto":null,"level":4,"sellerId":null,"slug":"veau","selected":false,"children":null,"layers":"\/navigation\/28453\/layers","link":"\/r\/viandes-et-poissons\/boucherie\/boucherie-coupe\/veau"},{"name":"Agneau","code":"R04F02SF01SS04","id":"28454","type":"RAYON","picto":null,"level":4,"sellerId":null,"slug":"agneau","selected":false,"children":null,"layers":"\/navigation\/28454\/layers","link":"\/r\/viandes-et-poissons\/boucherie\/boucherie-coupe\/agneau"},{"name":"Saucisses et Brochettes","code":"R04F02SF01SS05","id":"28455","type":"RAYON","picto":null,"level":4,"sellerId":null,"slug":"saucisses","selected":false,"children":null,"layers":"\/navigation\/28455\/layers","link":"\/r\/viandes-et-poissons\/boucherie\/boucherie-coupe\/saucisses"}],"layers":"\/navigation\/28450\/layers","link":"\/r\/viandes-et-poissons\/boucherie\/boucherie-coupe"},{"name":"Boeuf","code":"R04F02SF02","id":"1924","type":"RAYON","picto":null,"level":3,"sellerId":null,"slug":"boeuf","selected":false,"children":null,"layers":"\/navigation\/1924\/layers","link":"\/r\/viandes-et-poissons\/boucherie\/boeuf"},{"name":"Veau","code":"R04F02SF03","id":"1925","type":"RAYON","picto":null,"level":3,"sellerId":null,"slug":"veau","selected":false,"children":null,"layers":"\/navigation\/1925\/layers","link":"\/r\/viandes-et-poissons\/boucherie\/veau"},{"name":"Porc","code":"R04F02SF04","id":"1926","type":"RAYON","picto":null,"level":3,"sellerId":null,"slug":"porc","selected":false,"children":null,"layers":"\/navigation\/1926\/layers","link":"\/r\/viandes-et-poissons\/boucherie\/porc"},{"name":"Agneau","code":"R04F02SF05","id":"28456","type":"RAYON","picto":null,"level":3,"sellerId":null,"slug":"agneau","selected":false,"children":null,"layers":"\/navigation\/28456\/layers","link":"\/r\/viandes-et-poissons\/boucherie\/agneau"},{"name":"Viandes hach\u00e9es","code":"R04F02SF06","id":"28457","type":"RAYON","picto":null,"level":3,"sellerId":null,"slug":"viandes-hachees","selected":false,"children":[{"name":"Viandes hach\u00e9es","code":"R04F02SF06SS01","id":"28458","type":"RAYON","picto":null,"level":4,"sellerId":null,"slug":"viandes-hachees","selected":false,"children":null,"layers":"\/navigation\/28458\/layers","link":"\/r\/viandes-et-poissons\/boucherie\/viandes-hachees\/viandes-hachees"},{"name":"Steaks hach\u00e9s","code":"R04F02SF06SS02","id":"28459","type":"RAYON","picto":null,"level":4,"sellerId":null,"slug":"steaks-haches","selected":false,"children":null,"layers":"\/navigation\/28459\/layers","link":"\/r\/viandes-et-poissons\/boucherie\/viandes-hachees\/steaks-haches"}],"layers":"\/navigation\/28457\/layers","link":"\/r\/viandes-et-poissons\/boucherie\/viandes-hachees"},{"name":"Saucisses et Farces","code":"R04F02SF07","id":"28460","type":"RAYON","picto":null,"level":3,"sellerId":null,"slug":"saucisses-farces","selected":false,"children":[{"name":"Merguez","code":"R04F02SF07SS01","id":"28461","type":"RAYON","picto":null,"level":4,"sellerId":null,"slug":"merguez","selected":false,"children":null,"layers":"\/navigation\/28461\/layers","link":"\/r\/viandes-et-poissons\/boucherie\/saucisses-farces\/merguez"},{"name":"Saucisses","code":"R04F02SF07SS02","id":"28462","type":"RAYON","picto":null,"level":4,"sellerId":null,"slug":"saucisses","selected":false,"children":null,"layers":"\/navigation\/28462\/layers","link":"\/r\/viandes-et-poissons\/boucherie\/saucisses-farces\/saucisses"},{"name":"Farces et Chair \u00e0 saucisses","code":"R04F02SF07SS03","id":"28463","type":"RAYON","picto":null,"level":4,"sellerId":null,"slug":"farces-chair-saucisses","selected":false,"children":null,"layers":"\/navigation\/28463\/layers","link":"\/r\/viandes-et-poissons\/boucherie\/saucisses-farces\/farces-chair-saucisses"}],"layers":"\/navigation\/28460\/layers","link":"\/r\/viandes-et-poissons\/boucherie\/saucisses-farces"},{"name":"Grillades et Brochettes ","code":"R04F02SF08","id":"28464","type":"RAYON","picto":null,"level":3,"sellerId":null,"slug":"grillades-brochettes","selected":false,"children":null,"layers":"\/navigation\/28464\/layers","link":"\/r\/viandes-et-poissons\/boucherie\/grillades-brochettes"}],"layers":"\/navigation\/1922\/layers","link":"\/r\/viandes-et-poissons\/boucherie"},{"name":"Boucherie bio","code":"R04F03","id":"28421","type":"RAYON","picto":null,"level":2,"sellerId":null,"slug":"boucherie-bio","selected":false,"children":null,"layers":"\/navigation\/28421\/layers","link":"\/r\/viandes-et-poissons\/boucherie-bio"},{"name":"Volaille bio","code":"R04F04","id":"28420","type":"RAYON","picto":null,"level":2,"sellerId":null,"slug":"volaille-bio","selected":false,"children":null,"layers":"\/navigation\/28420\/layers","link":"\/r\/viandes-et-poissons\/volaille-bio"},{"name":"Poissonnerie","code":"R04F05","id":"1938","type":"RAYON","picto":"https:\/\/media.carrefour.fr\/medias\/e3c6703330bb3f29b33ad3f02b162b67\/p_96x96\/1938.jpg","level":2,"sellerId":null,"slug":"poissonnerie","selected":false,"children":[{"name":"Mon poissonnier","code":"R04F05SF01","id":"28434","type":"RAYON","picto":null,"level":3,"sellerId":null,"slug":"mon-poissonnier","selected":false,"children":[{"name":"Saumons et truites","code":"R04F05SF01SS01","id":"28435","type":"RAYON","picto":null,"level":4,"sellerId":null,"slug":"saumons-et-truites","selected":false,"children":null,"layers":"\/navigation\/28435\/layers","link":"\/r\/viandes-et-poissons\/poissonnerie\/mon-poissonnier\/saumons-et-truites"},{"name":"Filets et pav\u00e9s","code":"R04F05SF01SS02","id":"28436","type":"RAYON","picto":null,"level":4,"sellerId":null,"slug":"filets-et-paves","selected":false,"children":null,"layers":"\/navigation\/28436\/layers","link":"\/r\/viandes-et-poissons\/poissonnerie\/mon-poissonnier\/filets-et-paves"},{"name":"Crevettes","code":"R04F05SF01SS03","id":"28437","type":"RAYON","picto":null,"level":4,"sellerId":null,"slug":"crevettes","selected":false,"children":null,"layers":"\/navigation\/28437\/layers","link":"\/r\/viandes-et-poissons\/poissonnerie\/mon-poissonnier\/crevettes"},{"name":"Coquillages et crustac\u00e9s","code":"R04F05SF01SS04","id":"28438","type":"RAYON","picto":null,"level":4,"sellerId":null,"slug":"coquillages-crustaces","selected":false,"children":null,"layers":"\/navigation\/28438\/layers","link":"\/r\/viandes-et-poissons\/poissonnerie\/mon-poissonnier\/coquillages-crustaces"}],"layers":"\/navigation\/28434\/layers","link":"\/r\/viandes-et-poissons\/poissonnerie\/mon-poissonnier"},{"name":"Crevettes","code":"R04F05SF02","id":"28430","type":"RAYON","picto":null,"level":3,"sellerId":null,"slug":"crevettes","selected":false,"children":null,"layers":"\/navigation\/28430\/layers","link":"\/r\/viandes-et-poissons\/poissonnerie\/crevettes"},{"name":"Coquillages et Crustac\u00e9s","code":"R04F05SF03","id":"28429","type":"RAYON","picto":null,"level":3,"sellerId":null,"slug":"coquillages-crustaces","selected":false,"children":null,"layers":"\/navigation\/28429\/layers","link":"\/r\/viandes-et-poissons\/poissonnerie\/coquillages-crustaces"},{"name":"Filets et pav\u00e9s","code":"R04F05SF04","id":"1941","type":"RAYON","picto":null,"level":3,"sellerId":null,"slug":"filets-et-paves","selected":false,"children":null,"layers":"\/navigation\/1941\/layers","link":"\/r\/viandes-et-poissons\/poissonnerie\/filets-et-paves"},{"name":"Saumons et Truites","code":"R04F05SF05","id":"28431","type":"RAYON","picto":null,"level":3,"sellerId":null,"slug":"saumons-et-truites","selected":false,"children":[{"name":"Saumons","code":"R04F05SF05SS01","id":"28432","type":"RAYON","picto":null,"level":4,"sellerId":null,"slug":"saumons","selected":false,"children":null,"layers":"\/navigation\/28432\/layers","link":"\/r\/viandes-et-poissons\/poissonnerie\/saumons-et-truites\/saumons"},{"name":"Truites","code":"R04F05SF05SS02","id":"28433","type":"RAYON","picto":null,"level":4,"sellerId":null,"slug":"truites","selected":false,"children":null,"layers":"\/navigation\/28433\/layers","link":"\/r\/viandes-et-poissons\/poissonnerie\/saumons-et-truites\/truites"}],"layers":"\/navigation\/28431\/layers","link":"\/r\/viandes-et-poissons\/poissonnerie\/saumons-et-truites"},{"name":"Soupes de poisson et accompagnements","code":"R03F03SF10","id":"1951","type":"RAYON","picto":null,"level":3,"sellerId":null,"slug":"soupes-de-poisson-et-accompagnements","selected":false,"children":null,"layers":"\/navigation\/1951\/layers","link":"\/r\/viandes-et-poissons\/poissonnerie\/soupes-de-poisson-et-accompagnements"}],"layers":"\/navigation\/1938\/layers","link":"\/r\/viandes-et-poissons\/poissonnerie"},{"name":"Poissonnerie bio","code":"R04F06","id":"28419","type":"RAYON","picto":null,"level":2,"sellerId":null,"slug":"poissonnerie-bio","selected":false,"children":null,"layers":"\/navigation\/28419\/layers","link":"\/r\/viandes-et-poissons\/poissonnerie-bio"},{"name":"Traiteur de la mer","code":"R04F07","id":"28418","type":"RAYON","picto":"https:\/\/media.carrefour.fr\/medias\/60f690b9b6e5374a971cf10310972b62\/p_96x96\/28418.jpg","level":2,"sellerId":null,"slug":"traiteur-mer","selected":false,"children":[{"name":"Sushis","code":"R04F07SF01","id":"28422","type":"RAYON","picto":null,"level":3,"sellerId":null,"slug":"sushis","selected":false,"children":null,"layers":"\/navigation\/28422\/layers","link":"\/r\/viandes-et-poissons\/traiteur-mer\/sushis"},{"name":"Poissons pan\u00e9s et cuisin\u00e9s","code":"R04F07SF03","id":"28423","type":"RAYON","picto":null,"level":3,"sellerId":null,"slug":"poissons-panes-cuisines","selected":false,"children":null,"layers":"\/navigation\/28423\/layers","link":"\/r\/viandes-et-poissons\/traiteur-mer\/poissons-panes-cuisines"},{"name":"Saumons et Poissons fum\u00e9s","code":"R04F07SF03","id":"28424","type":"RAYON","picto":null,"level":3,"sellerId":null,"slug":"saumons-poissons-fumes","selected":false,"children":[{"name":"Saumons fum\u00e9s","code":"R04F07SF01SS01","id":"28552","type":"RAYON","picto":null,"level":4,"sellerId":null,"slug":"saumons-fumes","selected":false,"children":null,"layers":"\/navigation\/28552\/layers","link":"\/r\/viandes-et-poissons\/traiteur-mer\/saumons-poissons-fumes\/saumons-fumes"},{"name":"Truites fum\u00e9es","code":"R04F07SF01SS02","id":"28553","type":"RAYON","picto":null,"level":4,"sellerId":null,"slug":"truites-fumees","selected":false,"children":null,"layers":"\/navigation\/28553\/layers","link":"\/r\/viandes-et-poissons\/traiteur-mer\/saumons-poissons-fumes\/truites-fumees"},{"name":"Poissons fum\u00e9s","code":"R04F07SF03SS03","id":"28554","type":"RAYON","picto":null,"level":4,"sellerId":null,"slug":"poissons-fumes","selected":false,"children":null,"layers":"\/navigation\/28554\/layers","link":"\/r\/viandes-et-poissons\/traiteur-mer\/saumons-poissons-fumes\/poissons-fumes"}],"layers":"\/navigation\/28424\/layers","link":"\/r\/viandes-et-poissons\/traiteur-mer\/saumons-poissons-fumes"},{"name":"Surimis","code":"R04F07SF04","id":"28425","type":"RAYON","picto":null,"level":3,"sellerId":null,"slug":"surimis","selected":false,"children":null,"layers":"\/navigation\/28425\/layers","link":"\/r\/viandes-et-poissons\/traiteur-mer\/surimis"},{"name":"Tarama et Tartinables","code":"R04F07SF05","id":"28426","type":"RAYON","picto":null,"level":3,"sellerId":null,"slug":"tarama-tartinables","selected":false,"children":null,"layers":"\/navigation\/28426\/layers","link":"\/r\/viandes-et-poissons\/traiteur-mer\/tarama-tartinables"},{"name":"Canap\u00e9s et Blinis","code":"R04F07SF06","id":"28427","type":"RAYON","picto":null,"level":3,"sellerId":null,"slug":"canapes-blinis","selected":false,"children":null,"layers":"\/navigation\/28427\/layers","link":"\/r\/viandes-et-poissons\/traiteur-mer\/canapes-blinis"},{"name":"Soupes de poisson et Accompagnements","code":"R04F07SF07","id":"28428","type":"RAYON","picto":null,"level":3,"sellerId":null,"slug":"soupes-poisson-accompagnements","selected":false,"children":null,"layers":"\/navigation\/28428\/layers","link":"\/r\/viandes-et-poissons\/traiteur-mer\/soupes-poisson-accompagnements"}],"layers":"\/navigation\/28418\/layers","link":"\/r\/viandes-et-poissons\/traiteur-mer"}],"layers":"\/navigation\/1921\/layers","link":"\/r\/viandes-et-poissons"},{"name":"Pains et P\u00e2tisseries","code":"R05","id":"1952","type":"RAYON","picto":"https:\/\/media.carrefour.fr\/medias\/7555898f95a53010996592b7d2ecf854\/p_96x96\/1952.jpg","level":1,"sellerId":null,"slug":"pains-et-patisseries","selected":false,"children":[{"name":"Mon p\u00e2tissier","code":"R05F01","id":"1956","type":"RAYON","picto":"https:\/\/media.carrefour.fr\/medias\/9605b73e799e32539e77722b1035bd44\/p_96x96\/1956.jpg","level":2,"sellerId":null,"slug":"mon-patissier","selected":false,"children":[{"name":"B\u00fbches et Galettes des rois","code":"R05F01SF01","id":"1957","type":"RAYON","picto":null,"level":3,"sellerId":null,"slug":"buches-et-galettes-des-rois","selected":false,"children":null,"layers":"\/navigation\/1957\/layers","link":"\/r\/pains-et-patisseries\/mon-patissier\/buches-et-galettes-des-rois"},{"name":"G\u00e2teaux","code":"R05F01SF02","id":"1958","type":"RAYON","picto":null,"level":3,"sellerId":null,"slug":"gateaux","selected":false,"children":null,"layers":"\/navigation\/1958\/layers","link":"\/r\/pains-et-patisseries\/mon-patissier\/gateaux"},{"name":"Biscuits et Gourmandises","code":"R05F01SF03","id":"1959","type":"RAYON","picto":null,"level":3,"sellerId":null,"slug":"biscuits-et-gourmandises","selected":false,"children":null,"layers":"\/navigation\/1959\/layers","link":"\/r\/pains-et-patisseries\/mon-patissier\/biscuits-et-gourmandises"}],"layers":"\/navigation\/1956\/layers","link":"\/r\/pains-et-patisseries\/mon-patissier"},{"name":"Mon boulanger","code":"R05F02","id":"1953","type":"RAYON","picto":"https:\/\/media.carrefour.fr\/medias\/419d72aeb74831d8bae1e05daf95e37d\/p_96x96\/1953.jpg","level":2,"sellerId":null,"slug":"mon-boulanger","selected":false,"children":[{"name":"Pains","code":"R05F02SF01","id":"1954","type":"RAYON","picto":null,"level":3,"sellerId":null,"slug":"pain","selected":false,"children":null,"layers":"\/navigation\/1954\/layers","link":"\/r\/pains-et-patisseries\/mon-boulanger\/pain"},{"name":"Baguettes","code":"R05F02SF02","id":"1955","type":"RAYON","picto":null,"level":3,"sellerId":null,"slug":"baguettes","selected":false,"children":null,"layers":"\/navigation\/1955\/layers","link":"\/r\/pains-et-patisseries\/mon-boulanger\/baguettes"}],"layers":"\/navigation\/1953\/layers","link":"\/r\/pains-et-patisseries\/mon-boulanger"},{"name":"Viennoiseries et Brioches","code":"R05F03","id":"1960","type":"RAYON","picto":"https:\/\/media.carrefour.fr\/medias\/807216684a4339528008c4b0417d3da2\/p_96x96\/1960.jpg","level":2,"sellerId":null,"slug":"viennoiseries-et-brioches","selected":false,"children":[{"name":"Viennoiseries","code":"R05F03SF01","id":"1961","type":"RAYON","picto":null,"level":3,"sellerId":null,"slug":"viennoiseries","selected":false,"children":null,"layers":"\/navigation\/1961\/layers","link":"\/r\/pains-et-patisseries\/viennoiseries-et-brioches\/viennoiseries"},{"name":"Brioches et Pains au lait","code":"R05F03SF02","id":"1962","type":"RAYON","picto":null,"level":3,"sellerId":null,"slug":"brioches-et-pains-au-lait","selected":false,"children":null,"layers":"\/navigation\/1962\/layers","link":"\/r\/pains-et-patisseries\/viennoiseries-et-brioches\/brioches-et-pains-au-lait"},{"name":"Madeleines, Mignardises et Cakes","code":"R05F03SF03","id":"1963","type":"RAYON","picto":null,"level":3,"sellerId":null,"slug":"madeleines-mignardises-et-cakes","selected":false,"children":null,"layers":"\/navigation\/1963\/layers","link":"\/r\/pains-et-patisseries\/viennoiseries-et-brioches\/madeleines-mignardises-et-cakes"}],"layers":"\/navigation\/1960\/layers","link":"\/r\/pains-et-patisseries\/viennoiseries-et-brioches"},{"name":"Pains de mie, Pr\u00e9cuits et Burger","code":"R05F04","id":"1964","type":"RAYON","picto":"https:\/\/media.carrefour.fr\/medias\/5ef56c115e1034f49898ad152963eaa1\/p_96x96\/1964.jpg","level":2,"sellerId":null,"slug":"pains-de-mie-precuits-et-burger","selected":false,"children":[{"name":"Pains de mie","code":"R05F04SF01","id":"1965","type":"RAYON","picto":null,"level":3,"sellerId":null,"slug":"pains-de-mie","selected":false,"children":null,"layers":"\/navigation\/1965\/layers","link":"\/r\/pains-et-patisseries\/pains-de-mie-precuits-et-burger\/pains-de-mie"},{"name":"Pains burger et Pains pr\u00e9cuits","code":"R05F04SF02","id":"1966","type":"RAYON","picto":null,"level":3,"sellerId":null,"slug":"pains-burger-et-pains-precuits","selected":false,"children":null,"layers":"\/navigation\/1966\/layers","link":"\/r\/pains-et-patisseries\/pains-de-mie-precuits-et-burger\/pains-burger-et-pains-precuits"}],"layers":"\/navigation\/1964\/layers","link":"\/r\/pains-et-patisseries\/pains-de-mie-precuits-et-burger"}],"layers":"\/navigation\/1952\/layers","link":"\/r\/pains-et-patisseries"},{"name":"Frais","code":"R06","id":"28127","type":"RAYON","picto":"https:\/\/media.carrefour.fr\/medias\/9fb528d6d5db306cb9f413840d7b6425\/p_96x96\/28127.jpg","level":1,"sellerId":null,"slug":"frais","selected":false,"children":[{"name":"Traiteur","code":"R06F01","id":"28133","type":"RAYON","picto":"https:\/\/media.carrefour.fr\/medias\/80c220c3e4e4329da11d4dfeb1a1b5a6\/p_96x96\/28133.jpg","level":2,"sellerId":null,"slug":"traiteur","selected":false,"children":[{"name":"Traiteur traditionnel ","code":"R06F01SF01","id":"28326","type":"RAYON","picto":null,"level":3,"sellerId":null,"slug":"traiteur-traditionnel","selected":false,"children":[{"name":"Ap\u00e9ritifs et Entr\u00e9es","code":"R06F01SF01SS01","id":"28327","type":"RAYON","picto":null,"level":4,"sellerId":null,"slug":"aperitifs-entrees","selected":false,"children":null,"layers":"\/navigation\/28327\/layers","link":"\/r\/frais\/traiteur\/traiteur-traditionnel\/aperitifs-entrees"},{"name":"Salades","code":"R06F01SF01SS02","id":"28328","type":"RAYON","picto":null,"level":4,"sellerId":null,"slug":"salades","selected":false,"children":null,"layers":"\/navigation\/28328\/layers","link":"\/r\/frais\/traiteur\/traiteur-traditionnel\/salades"},{"name":"Plats cuisin\u00e9s","code":"R06F01SF01SS03","id":"28329","type":"RAYON","picto":null,"level":4,"sellerId":null,"slug":"plats-cuisines","selected":false,"children":null,"layers":"\/navigation\/28329\/layers","link":"\/r\/frais\/traiteur\/traiteur-traditionnel\/plats-cuisines"},{"name":"P\u00e2tes fra\u00eeches","code":"R06F01SF01SS04","id":"28330","type":"RAYON","picto":null,"level":4,"sellerId":null,"slug":"pates-fraiches","selected":false,"children":null,"layers":"\/navigation\/28330\/layers","link":"\/r\/frais\/traiteur\/traiteur-traditionnel\/pates-fraiches"},{"name":"R\u00f4tisserie","code":"R06F01SF01SS05","id":"28331","type":"RAYON","picto":null,"level":4,"sellerId":null,"slug":"rotisserie","selected":false,"children":null,"layers":"\/navigation\/28331\/layers","link":"\/r\/frais\/traiteur\/traiteur-traditionnel\/rotisserie"}],"layers":"\/navigation\/28326\/layers","link":"\/r\/frais\/traiteur\/traiteur-traditionnel"},{"name":"Ap\u00e9ritifs et Entr\u00e9es","code":"R06F01SF02","id":"28206","type":"RAYON","picto":null,"level":3,"sellerId":null,"slug":"aperitifs-entrees","selected":false,"children":[{"name":"Tapas et Entr\u00e9es","code":"R06F01SF02SS01","id":"28337","type":"RAYON","picto":null,"level":4,"sellerId":null,"slug":"tapas-entrees","selected":false,"children":null,"layers":"\/navigation\/28337\/layers","link":"\/r\/frais\/traiteur\/aperitifs-entrees\/tapas-entrees"},{"name":"Tartinables et Olives","code":"R06F01SF02SS02","id":"28338","type":"RAYON","picto":null,"level":4,"sellerId":null,"slug":"tartinables-olives","selected":false,"children":null,"layers":"\/navigation\/28338\/layers","link":"\/r\/frais\/traiteur\/aperitifs-entrees\/tartinables-olives"}],"layers":"\/navigation\/28206\/layers","link":"\/r\/frais\/traiteur\/aperitifs-entrees"},{"name":"Traiteur de la mer","code":"R06F01SF03","id":"28367","type":"RAYON","picto":null,"level":3,"sellerId":null,"slug":"traiteur-mer","selected":false,"children":[{"name":"Saumons et Poissons fum\u00e9s","code":"R06F01SF03SS01","id":"28370","type":"RAYON","picto":null,"level":4,"sellerId":null,"slug":"saumons-poissons-fumes","selected":false,"children":null,"layers":"\/navigation\/28370\/layers","link":"\/r\/frais\/traiteur\/traiteur-mer\/saumons-poissons-fumes"},{"name":"Poissons pan\u00e9s et cuisin\u00e9s","code":"R06F01SF08SS02","id":"28369","type":"RAYON","picto":null,"level":4,"sellerId":null,"slug":"poissons-panes-cuisines","selected":false,"children":null,"layers":"\/navigation\/28369\/layers","link":"\/r\/frais\/traiteur\/traiteur-mer\/poissons-panes-cuisines"},{"name":"Tarama et Tartinables","code":"R06F01SF03SS05","id":"28372","type":"RAYON","picto":null,"level":4,"sellerId":null,"slug":"tarama-tartinables","selected":false,"children":null,"layers":"\/navigation\/28372\/layers","link":"\/r\/frais\/traiteur\/traiteur-mer\/tarama-tartinables"},{"name":"Canap\u00e9s et Blinis","code":"R06F01SF03SS06","id":"28373","type":"RAYON","picto":null,"level":4,"sellerId":null,"slug":"canapes-blinis","selected":false,"children":null,"layers":"\/navigation\/28373\/layers","link":"\/r\/frais\/traiteur\/traiteur-mer\/canapes-blinis"},{"name":"Soupes de poisson et Accompagnements","code":"R06F01SF03SS07","id":"28374","type":"RAYON","picto":null,"level":4,"sellerId":null,"slug":"soupes-poisson-accompagnements","selected":false,"children":null,"layers":"\/navigation\/28374\/layers","link":"\/r\/frais\/traiteur\/traiteur-mer\/soupes-poisson-accompagnements"}],"layers":"\/navigation\/28367\/layers","link":"\/r\/frais\/traiteur\/traiteur-mer"},{"name":"Pizzas, Quiches et Croques","code":"R06F01SF04","id":"28332","type":"RAYON","picto":null,"level":3,"sellerId":null,"slug":"pizzas-quiches-croques","selected":false,"children":[{"name":"Pizzas","code":"R06F01SF04SS01","id":"28333","type":"RAYON","picto":null,"level":4,"sellerId":null,"slug":"pizzas","selected":false,"children":null,"layers":"\/navigation\/28333\/layers","link":"\/r\/frais\/traiteur\/pizzas-quiches-croques\/pizzas"},{"name":"Tartes et Quiches","code":"R06F01SF04SS02","id":"28334","type":"RAYON","picto":null,"level":4,"sellerId":null,"slug":"tartes-quiches","selected":false,"children":null,"layers":"\/navigation\/28334\/layers","link":"\/r\/frais\/traiteur\/pizzas-quiches-croques\/tartes-quiches"},{"name":"Flammekueche","code":"R06F01SF04SS03","id":"28335","type":"RAYON","picto":null,"level":4,"sellerId":null,"slug":"flammekueche","selected":false,"children":null,"layers":"\/navigation\/28335\/layers","link":"\/r\/frais\/traiteur\/pizzas-quiches-croques\/flammekueche"},{"name":"Croques-Monsieur","code":"R06F01SF04SS04","id":"28336","type":"RAYON","picto":null,"level":4,"sellerId":null,"slug":"croques-monsieur","selected":false,"children":null,"layers":"\/navigation\/28336\/layers","link":"\/r\/frais\/traiteur\/pizzas-quiches-croques\/croques-monsieur"}],"layers":"\/navigation\/28332\/layers","link":"\/r\/frais\/traiteur\/pizzas-quiches-croques"},{"name":"V\u00e9g\u00e9tarien","code":"R06F01SF05","id":"28211","type":"RAYON","picto":null,"level":3,"sellerId":null,"slug":"vegetarien","selected":false,"children":null,"layers":"\/navigation\/28211\/layers","link":"\/r\/frais\/traiteur\/vegetarien"},{"name":"P\u00e2tes \u00e0 tartes et Cr\u00eapes","code":"R06F01SF06","id":"28215","type":"RAYON","picto":null,"level":3,"sellerId":null,"slug":"pates-tartes-crepes","selected":false,"children":[{"name":"P\u00e2tes feuillet\u00e9es","code":"R06F01SF06SS01","id":"28216","type":"RAYON","picto":null,"level":4,"sellerId":null,"slug":"pates-feuilletees","selected":false,"children":null,"layers":"\/navigation\/28216\/layers","link":"\/r\/frais\/traiteur\/pates-tartes-crepes\/pates-feuilletees"},{"name":"P\u00e2tes bris\u00e9es","code":"R06F01SF06SS02","id":"28217","type":"RAYON","picto":null,"level":4,"sellerId":null,"slug":"pates-brisees","selected":false,"children":null,"layers":"\/navigation\/28217\/layers","link":"\/r\/frais\/traiteur\/pates-tartes-crepes\/pates-brisees"},{"name":"P\u00e2tes \u00e0 pizza","code":"R06F01SF06SS03","id":"28218","type":"RAYON","picto":null,"level":4,"sellerId":null,"slug":"pates-pizza","selected":false,"children":null,"layers":"\/navigation\/28218\/layers","link":"\/r\/frais\/traiteur\/pates-tartes-crepes\/pates-pizza"},{"name":"P\u00e2tes sabl\u00e9es","code":"R06F01SF06SS04","id":"28219","type":"RAYON","picto":null,"level":4,"sellerId":null,"slug":"pates-sablees","selected":false,"children":null,"layers":"\/navigation\/28219\/layers","link":"\/r\/frais\/traiteur\/pates-tartes-crepes\/pates-sablees"},{"name":"Feuilles de brick","code":"R06F01SF06SS05","id":"28220","type":"RAYON","picto":null,"level":4,"sellerId":null,"slug":"feuilles-brick","selected":false,"children":null,"layers":"\/navigation\/28220\/layers","link":"\/r\/frais\/traiteur\/pates-tartes-crepes\/feuilles-brick"},{"name":"Cr\u00eapes et Galettes","code":"R06F01SF06SS06","id":"28221","type":"RAYON","picto":null,"level":4,"sellerId":null,"slug":"crepes-galettes","selected":false,"children":null,"layers":"\/navigation\/28221\/layers","link":"\/r\/frais\/traiteur\/pates-tartes-crepes\/crepes-galettes"}],"layers":"\/navigation\/28215\/layers","link":"\/r\/frais\/traiteur\/pates-tartes-crepes"},{"name":"P\u00e2tes fra\u00eeches, Gnocchis et Quenelles","code":"R06F01SF07","id":"28339","type":"RAYON","picto":null,"level":3,"sellerId":null,"slug":"pates-fraiches-gnocchis-quenelles","selected":false,"children":[{"name":"P\u00e2tes fra\u00eeches","code":"R06F01SF07SS01","id":"28340","type":"RAYON","picto":null,"level":4,"sellerId":null,"slug":"pates-fraiches","selected":false,"children":null,"layers":"\/navigation\/28340\/layers","link":"\/r\/frais\/traiteur\/pates-fraiches-gnocchis-quenelles\/pates-fraiches"},{"name":"P\u00e2tes fra\u00eeches farcies","code":"R06F01SF07SS02","id":"28341","type":"RAYON","picto":null,"level":4,"sellerId":null,"slug":"pates-fraiches-farcies","selected":false,"children":null,"layers":"\/navigation\/28341\/layers","link":"\/r\/frais\/traiteur\/pates-fraiches-gnocchis-quenelles\/pates-fraiches-farcies"},{"name":"Gnocchis","code":"R06F01SF07SS03","id":"28342","type":"RAYON","picto":null,"level":4,"sellerId":null,"slug":"gnocchis","selected":false,"children":null,"layers":"\/navigation\/28342\/layers","link":"\/r\/frais\/traiteur\/pates-fraiches-gnocchis-quenelles\/gnocchis"},{"name":"Quenelles fra\u00eeches","code":"R06F01SF07SS04","id":"28343","type":"RAYON","picto":null,"level":4,"sellerId":null,"slug":"quenelles-fraiches","selected":false,"children":null,"layers":"\/navigation\/28343\/layers","link":"\/r\/frais\/traiteur\/pates-fraiches-gnocchis-quenelles\/quenelles-fraiches"}],"layers":"\/navigation\/28339\/layers","link":"\/r\/frais\/traiteur\/pates-fraiches-gnocchis-quenelles"},{"name":"Produits du monde","code":"R06F01SF08","id":"28344","type":"RAYON","picto":null,"level":3,"sellerId":null,"slug":"produits-du-monde","selected":false,"children":null,"layers":"\/navigation\/28344\/layers","link":"\/r\/frais\/traiteur\/produits-du-monde"},{"name":"Cordons bleus et Grignotes","code":"R06F01SF09","id":"28345","type":"RAYON","picto":null,"level":3,"sellerId":null,"slug":"cordons-bleus-grignotes","selected":false,"children":[{"name":"Cordons bleus","code":"R06F01SF09SS01","id":"28346","type":"RAYON","picto":null,"level":4,"sellerId":null,"slug":"cordons-bleus","selected":false,"children":null,"layers":"\/navigation\/28346\/layers","link":"\/r\/frais\/traiteur\/cordons-bleus-grignotes\/cordons-bleus"},{"name":"Nuggets","code":"R06F01SF09SS02","id":"28347","type":"RAYON","picto":null,"level":4,"sellerId":null,"slug":"nuggets","selected":false,"children":null,"layers":"\/navigation\/28347\/layers","link":"\/r\/frais\/traiteur\/cordons-bleus-grignotes\/nuggets"},{"name":"Grignottes","code":"R06F01SF09SS03","id":"28348","type":"RAYON","picto":null,"level":4,"sellerId":null,"slug":"grignottes","selected":false,"children":null,"layers":"\/navigation\/28348\/layers","link":"\/r\/frais\/traiteur\/cordons-bleus-grignotes\/grignottes"}],"layers":"\/navigation\/28345\/layers","link":"\/r\/frais\/traiteur\/cordons-bleus-grignotes"}],"layers":"\/navigation\/28133\/layers","link":"\/r\/frais\/traiteur"},{"name":"Fromages \u00e0 d\u00e9guster","code":"R06F02","id":"28129","type":"RAYON","picto":"https:\/\/media.carrefour.fr\/medias\/6654dedf70c235ab8dd892d72b533909\/p_96x96\/28129.jpg","level":2,"sellerId":null,"slug":"fromages-a-deguster","selected":false,"children":[{"name":"Fromages \u00e0 la coupe","code":"R06F02SF01","id":"28276","type":"RAYON","picto":null,"level":3,"sellerId":null,"slug":"fromages-coupe","selected":false,"children":[{"name":"Raclette, Tartiflette et Fondue","code":"R06F02SF01SS01","id":"28295","type":"RAYON","picto":null,"level":4,"sellerId":null,"slug":"raclette-tartiflette-fondue","selected":false,"children":null,"layers":"\/navigation\/28295\/layers","link":"\/r\/frais\/fromages-a-deguster\/fromages-coupe\/raclette-tartiflette-fondue"},{"name":"Emmental, Comt\u00e9 et Gouda","code":"R06F02SF01SS02","id":"28290","type":"RAYON","picto":null,"level":4,"sellerId":null,"slug":"emmental-comte-gouda","selected":false,"children":null,"layers":"\/navigation\/28290\/layers","link":"\/r\/frais\/fromages-a-deguster\/fromages-coupe\/emmental-comte-gouda"},{"name":"Camemberts, Coulommiers et Bries","code":"R06F02SF01SS03","id":"28291","type":"RAYON","picto":null,"level":4,"sellerId":null,"slug":"camemberts-coulommiers-bries","selected":false,"children":null,"layers":"\/navigation\/28291\/layers","link":"\/r\/frais\/fromages-a-deguster\/fromages-coupe\/camemberts-coulommiers-bries"},{"name":"Ch\u00e8vre et Brebis","code":"R06F02SF01SS04","id":"28292","type":"RAYON","picto":null,"level":4,"sellerId":null,"slug":"chevre-et-brebis","selected":false,"children":null,"layers":"\/navigation\/28292\/layers","link":"\/r\/frais\/fromages-a-deguster\/fromages-coupe\/chevre-et-brebis"},{"name":"Roqueforts et Bleus","code":"R06F02SF01SS05","id":"28293","type":"RAYON","picto":null,"level":4,"sellerId":null,"slug":"roqueforts-bleus","selected":false,"children":null,"layers":"\/navigation\/28293\/layers","link":"\/r\/frais\/fromages-a-deguster\/fromages-coupe\/roqueforts-bleus"},{"name":"Fromages de caract\u00e8re","code":"R06F02SF01SS06","id":"28294","type":"RAYON","picto":null,"level":4,"sellerId":null,"slug":"fromages-caractere","selected":false,"children":null,"layers":"\/navigation\/28294\/layers","link":"\/r\/frais\/fromages-a-deguster\/fromages-coupe\/fromages-caractere"},{"name":"Morbiers et Tommes","code":"R06F02SF01SS07","id":"28296","type":"RAYON","picto":null,"level":4,"sellerId":null,"slug":"morbiers-tommes","selected":false,"children":null,"layers":"\/navigation\/28296\/layers","link":"\/r\/frais\/fromages-a-deguster\/fromages-coupe\/morbiers-tommes"},{"name":"Autres fromages \u00e0 la coupe","code":"R06F02SF01SS08","id":"28297","type":"RAYON","picto":null,"level":4,"sellerId":null,"slug":"autres-fromages-coupe","selected":false,"children":null,"layers":"\/navigation\/28297\/layers","link":"\/r\/frais\/fromages-a-deguster\/fromages-coupe\/autres-fromages-coupe"}],"layers":"\/navigation\/28276\/layers","link":"\/r\/frais\/fromages-a-deguster\/fromages-coupe"},{"name":"Emmental, Comt\u00e9 et Gouda","code":"R06F02SF02","id":"28277","type":"RAYON","picto":null,"level":3,"sellerId":null,"slug":"emmental-comte-gouda","selected":false,"children":[{"name":"Emmental","code":"R06F02SF02SS01","id":"28298","type":"RAYON","picto":null,"level":4,"sellerId":null,"slug":"emmental","selected":false,"children":null,"layers":"\/navigation\/28298\/layers","link":"\/r\/frais\/fromages-a-deguster\/emmental-comte-gouda\/emmental"},{"name":"Comt\u00e9","code":"R06F02SF02SS02","id":"28299","type":"RAYON","picto":null,"level":4,"sellerId":null,"slug":"comte","selected":false,"children":null,"layers":"\/navigation\/28299\/layers","link":"\/r\/frais\/fromages-a-deguster\/emmental-comte-gouda\/comte"},{"name":"Gouda","code":"R06F02SF02SS03","id":"28300","type":"RAYON","picto":null,"level":4,"sellerId":null,"slug":"gouda","selected":false,"children":null,"layers":"\/navigation\/28300\/layers","link":"\/r\/frais\/fromages-a-deguster\/emmental-comte-gouda\/gouda"},{"name":"Cantal","code":"R06F02SF02SS04","id":"28301","type":"RAYON","picto":null,"level":4,"sellerId":null,"slug":"cantal","selected":false,"children":null,"layers":"\/navigation\/28301\/layers","link":"\/r\/frais\/fromages-a-deguster\/emmental-comte-gouda\/cantal"},{"name":"Mimolette","code":"R06F02SF02SS05","id":"28302","type":"RAYON","picto":null,"level":4,"sellerId":null,"slug":"mimolette","selected":false,"children":null,"layers":"\/navigation\/28302\/layers","link":"\/r\/frais\/fromages-a-deguster\/emmental-comte-gouda\/mimolette"},{"name":"Cheddar","code":"R06F02SF02SS06","id":"28303","type":"RAYON","picto":null,"level":4,"sellerId":null,"slug":"cheddar","selected":false,"children":null,"layers":"\/navigation\/28303\/layers","link":"\/r\/frais\/fromages-a-deguster\/emmental-comte-gouda\/cheddar"}],"layers":"\/navigation\/28277\/layers","link":"\/r\/frais\/fromages-a-deguster\/emmental-comte-gouda"},{"name":"Camemberts, Coulommiers et Bries","code":"R06F02SF03","id":"28278","type":"RAYON","picto":null,"level":3,"sellerId":null,"slug":"camemberts-coulommiers-bries","selected":false,"children":[{"name":"Camemberts","code":"R06F02SF03SS01","id":"28304","type":"RAYON","picto":null,"level":4,"sellerId":null,"slug":"camemberts","selected":false,"children":null,"layers":"\/navigation\/28304\/layers","link":"\/r\/frais\/fromages-a-deguster\/camemberts-coulommiers-bries\/camemberts"},{"name":"Couloummiers","code":"R06F02SF03SS02","id":"28305","type":"RAYON","picto":null,"level":4,"sellerId":null,"slug":"couloummiers","selected":false,"children":null,"layers":"\/navigation\/28305\/layers","link":"\/r\/frais\/fromages-a-deguster\/camemberts-coulommiers-bries\/couloummiers"},{"name":"Bries","code":"R06F02SF03SS03","id":"28306","type":"RAYON","picto":null,"level":4,"sellerId":null,"slug":"bries","selected":false,"children":null,"layers":"\/navigation\/28306\/layers","link":"\/r\/frais\/fromages-a-deguster\/camemberts-coulommiers-bries\/bries"},{"name":"Sp\u00e9cialit\u00e9s cr\u00e9meuses","code":"R06F02SF03SS04","id":"28557","type":"RAYON","picto":null,"level":4,"sellerId":null,"slug":"specialites-cremeuses","selected":false,"children":null,"layers":"\/navigation\/28557\/layers","link":"\/r\/frais\/fromages-a-deguster\/camemberts-coulommiers-bries\/specialites-cremeuses"}],"layers":"\/navigation\/28278\/layers","link":"\/r\/frais\/fromages-a-deguster\/camemberts-coulommiers-bries"},{"name":"Ch\u00e8vre et Brebis","code":"R06F02SF04","id":"28279","type":"RAYON","picto":null,"level":3,"sellerId":null,"slug":"chevre-et-brebis","selected":false,"children":[{"name":"Ch\u00e8vre","code":"R06F02SF04SS01","id":"28307","type":"RAYON","picto":null,"level":4,"sellerId":null,"slug":"chevre","selected":false,"children":null,"layers":"\/navigation\/28307\/layers","link":"\/r\/frais\/fromages-a-deguster\/chevre-et-brebis\/chevre"},{"name":"Brebis","code":"R06F02SF04SS02","id":"28308","type":"RAYON","picto":null,"level":4,"sellerId":null,"slug":"brebis","selected":false,"children":null,"layers":"\/navigation\/28308\/layers","link":"\/r\/frais\/fromages-a-deguster\/chevre-et-brebis\/brebis"}],"layers":"\/navigation\/28279\/layers","link":"\/r\/frais\/fromages-a-deguster\/chevre-et-brebis"},{"name":"Roqueforts et Bleus","code":"R06F02SF05","id":"28280","type":"RAYON","picto":null,"level":3,"sellerId":null,"slug":"roqueforts-bleus","selected":false,"children":[{"name":"Roqueforts","code":"R06F02SF05SS01","id":"28309","type":"RAYON","picto":null,"level":4,"sellerId":null,"slug":"roqueforts","selected":false,"children":null,"layers":"\/navigation\/28309\/layers","link":"\/r\/frais\/fromages-a-deguster\/roqueforts-bleus\/roqueforts"},{"name":"Bleus","code":"R06F02SF05SS02","id":"28310","type":"RAYON","picto":null,"level":4,"sellerId":null,"slug":"bleus","selected":false,"children":null,"layers":"\/navigation\/28310\/layers","link":"\/r\/frais\/fromages-a-deguster\/roqueforts-bleus\/bleus"}],"layers":"\/navigation\/28280\/layers","link":"\/r\/frais\/fromages-a-deguster\/roqueforts-bleus"},{"name":"Fromages de caract\u00e8re","code":"R06F02SF06","id":"28281","type":"RAYON","picto":null,"level":3,"sellerId":null,"slug":"fromages-caractere","selected":false,"children":null,"layers":"\/navigation\/28281\/layers","link":"\/r\/frais\/fromages-a-deguster\/fromages-caractere"},{"name":"Fromages enfants","code":"R06F02SF07","id":"28282","type":"RAYON","picto":null,"level":3,"sellerId":null,"slug":"fromages-enfants","selected":false,"children":null,"layers":"\/navigation\/28282\/layers","link":"\/r\/frais\/fromages-a-deguster\/fromages-enfants"},{"name":"Fromages all\u00e9g\u00e9s","code":"R06F02SF08","id":"28283","type":"RAYON","picto":null,"level":3,"sellerId":null,"slug":"fromages-alleges","selected":false,"children":null,"layers":"\/navigation\/28283\/layers","link":"\/r\/frais\/fromages-a-deguster\/fromages-alleges"}],"layers":"\/navigation\/28129\/layers","link":"\/r\/frais\/fromages-a-deguster"},{"name":"Fromages \u00e0 cuisiner et Raclette","code":"R06F03","id":"28130","type":"RAYON","picto":"https:\/\/media.carrefour.fr\/medias\/364fdfe83113323e9f09bc9c06c288fe\/p_96x96\/28130.jpg","level":2,"sellerId":null,"slug":"fromages-a-cuisiner-aperitifs","selected":false,"children":[{"name":"Raclette, Tartiflette et Fondue","code":"R06F03SF01","id":"28289","type":"RAYON","picto":null,"level":3,"sellerId":null,"slug":"raclette-tartiflette-fondue","selected":false,"children":[{"name":"Raclette","code":"R06F03SF01SS01","id":"28315","type":"RAYON","picto":null,"level":4,"sellerId":null,"slug":"raclette","selected":false,"children":null,"layers":"\/navigation\/28315\/layers","link":"\/r\/frais\/fromages-a-cuisiner-aperitifs\/raclette-tartiflette-fondue\/raclette"},{"name":"Tartiflette","code":"R06F03SF01SS02","id":"28316","type":"RAYON","picto":null,"level":4,"sellerId":null,"slug":"tartiflette","selected":false,"children":null,"layers":"\/navigation\/28316\/layers","link":"\/r\/frais\/fromages-a-cuisiner-aperitifs\/raclette-tartiflette-fondue\/tartiflette"},{"name":"Fondue","code":"R06F03SF01SS03","id":"28317","type":"RAYON","picto":null,"level":4,"sellerId":null,"slug":"fondue","selected":false,"children":null,"layers":"\/navigation\/28317\/layers","link":"\/r\/frais\/fromages-a-cuisiner-aperitifs\/raclette-tartiflette-fondue\/fondue"}],"layers":"\/navigation\/28289\/layers","link":"\/r\/frais\/fromages-a-cuisiner-aperitifs\/raclette-tartiflette-fondue"},{"name":"Fromages ap\u00e9ritifs et Salades","code":"R06F03SF02","id":"28285","type":"RAYON","picto":null,"level":3,"sellerId":null,"slug":"fromages-aperitifs-salades","selected":false,"children":null,"layers":"\/navigation\/28285\/layers","link":"\/r\/frais\/fromages-a-cuisiner-aperitifs\/fromages-aperitifs-salades"},{"name":"Fromages r\u00e2p\u00e9s","code":"R06F03SF03","id":"28286","type":"RAYON","picto":null,"level":3,"sellerId":null,"slug":"fromages-rapes","selected":false,"children":null,"layers":"\/navigation\/28286\/layers","link":"\/r\/frais\/fromages-a-cuisiner-aperitifs\/fromages-rapes"},{"name":"Fromages sandwich et burger","code":"R06F03SF04","id":"28287","type":"RAYON","picto":null,"level":3,"sellerId":null,"slug":"fromages-sandwich-burger","selected":false,"children":null,"layers":"\/navigation\/28287\/layers","link":"\/r\/frais\/fromages-a-cuisiner-aperitifs\/fromages-sandwich-burger"},{"name":"Fromages \u00e0 tartiner","code":"R06F03SF05","id":"28288","type":"RAYON","picto":null,"level":3,"sellerId":null,"slug":"fromages-tartiner","selected":false,"children":null,"layers":"\/navigation\/28288\/layers","link":"\/r\/frais\/fromages-a-cuisiner-aperitifs\/fromages-tartiner"},{"name":"Mozza, Feta et Mascarpone","code":"R06F03SF06","id":"28284","type":"RAYON","picto":null,"level":3,"sellerId":null,"slug":"mozza-feta-mascarpone","selected":false,"children":[{"name":"Mozzarella","code":"R06F03SF06SS01","id":"28311","type":"RAYON","picto":null,"level":4,"sellerId":null,"slug":"mozzarella","selected":false,"children":null,"layers":"\/navigation\/28311\/layers","link":"\/r\/frais\/fromages-a-cuisiner-aperitifs\/mozza-feta-mascarpone\/mozzarella"},{"name":"Feta","code":"R06F03SF06SS02","id":"28312","type":"RAYON","picto":null,"level":4,"sellerId":null,"slug":"feta","selected":false,"children":null,"layers":"\/navigation\/28312\/layers","link":"\/r\/frais\/fromages-a-cuisiner-aperitifs\/mozza-feta-mascarpone\/feta"},{"name":"Mascarpone","code":"R06F03SF06SS03","id":"28313","type":"RAYON","picto":null,"level":4,"sellerId":null,"slug":"mascarpone","selected":false,"children":null,"layers":"\/navigation\/28313\/layers","link":"\/r\/frais\/fromages-a-cuisiner-aperitifs\/mozza-feta-mascarpone\/mascarpone"},{"name":"Ricotta","code":"R06F03SF06SS04","id":"28314","type":"RAYON","picto":null,"level":4,"sellerId":null,"slug":"ricotta","selected":false,"children":null,"layers":"\/navigation\/28314\/layers","link":"\/r\/frais\/fromages-a-cuisiner-aperitifs\/mozza-feta-mascarpone\/ricotta"}],"layers":"\/navigation\/28284\/layers","link":"\/r\/frais\/fromages-a-cuisiner-aperitifs\/mozza-feta-mascarpone"}],"layers":"\/navigation\/28130\/layers","link":"\/r\/frais\/fromages-a-cuisiner-aperitifs"},{"name":"Charcuterie et Foies gras","code":"R06F04","id":"28132","type":"RAYON","picto":"https:\/\/media.carrefour.fr\/medias\/ef25456d8f3e3d0eb2837b26739365b2\/p_96x96\/28132.jpg","level":2,"sellerId":null,"slug":"charcuterie","selected":false,"children":[{"name":"P\u00e2t\u00e9s, Rillettes et Foies gras","code":"R06F04SF01","id":"28185","type":"RAYON","picto":null,"level":3,"sellerId":null,"slug":"pates-rillettes-foies-gras","selected":false,"children":[{"name":"Foies gras","code":"R06F04SF01SS01","id":"28202","type":"RAYON","picto":null,"level":4,"sellerId":null,"slug":"foies-gras","selected":false,"children":null,"layers":"\/navigation\/28202\/layers","link":"\/r\/frais\/charcuterie\/pates-rillettes-foies-gras\/foies-gras"},{"name":"P\u00e2t\u00e9s","code":"R06F04SF01SS02","id":"28200","type":"RAYON","picto":null,"level":4,"sellerId":null,"slug":"pates","selected":false,"children":null,"layers":"\/navigation\/28200\/layers","link":"\/r\/frais\/charcuterie\/pates-rillettes-foies-gras\/pates"},{"name":"Rillettes","code":"R06F04SF01SS03","id":"28201","type":"RAYON","picto":null,"level":4,"sellerId":null,"slug":"rillettes","selected":false,"children":null,"layers":"\/navigation\/28201\/layers","link":"\/r\/frais\/charcuterie\/pates-rillettes-foies-gras\/rillettes"}],"layers":"\/navigation\/28185\/layers","link":"\/r\/frais\/charcuterie\/pates-rillettes-foies-gras"},{"name":"Charcuterie \u00e0 la coupe","code":"R06F04SF02","id":"28180","type":"RAYON","picto":null,"level":3,"sellerId":null,"slug":"charcuterie-coupe","selected":false,"children":[{"name":"P\u00e2t\u00e9s, Rillettes et Foies gras","code":"R06F04SF02SS01","id":"28191","type":"RAYON","picto":null,"level":4,"sellerId":null,"slug":"pates-rillettes-foies-gras","selected":false,"children":null,"layers":"\/navigation\/28191\/layers","link":"\/r\/frais\/charcuterie\/charcuterie-coupe\/pates-rillettes-foies-gras"},{"name":"Jambons blancs et R\u00f4tis","code":"R06F04SF02SS02","id":"28188","type":"RAYON","picto":null,"level":4,"sellerId":null,"slug":"jambons-blancs-rotis","selected":false,"children":null,"layers":"\/navigation\/28188\/layers","link":"\/r\/frais\/charcuterie\/charcuterie-coupe\/jambons-blancs-rotis"},{"name":"Jambons crus et Charcuteries tranch\u00e9es","code":"R06F04SF02SS03","id":"28189","type":"RAYON","picto":null,"level":4,"sellerId":null,"slug":"jambons-crus-charcuteries-tranchees","selected":false,"children":null,"layers":"\/navigation\/28189\/layers","link":"\/r\/frais\/charcuterie\/charcuterie-coupe\/jambons-crus-charcuteries-tranchees"},{"name":"Saucissons et Chorizos","code":"R06F04SF02SS04","id":"28190","type":"RAYON","picto":null,"level":4,"sellerId":null,"slug":"saucissons-chorizos","selected":false,"children":null,"layers":"\/navigation\/28190\/layers","link":"\/r\/frais\/charcuterie\/charcuterie-coupe\/saucissons-chorizos"},{"name":"Saucisses, Boudins et Andouilles","code":"R06F04SF02SS05","id":"28192","type":"RAYON","picto":null,"level":4,"sellerId":null,"slug":"saucisses-boudins-andouilles","selected":false,"children":null,"layers":"\/navigation\/28192\/layers","link":"\/r\/frais\/charcuterie\/charcuterie-coupe\/saucisses-boudins-andouilles"}],"layers":"\/navigation\/28180\/layers","link":"\/r\/frais\/charcuterie\/charcuterie-coupe"},{"name":"Jambons crus et Charcuteries tranch\u00e9es","code":"R06F04SF03","id":"28182","type":"RAYON","picto":null,"level":3,"sellerId":null,"slug":"jambons-crus-charcuteries-tranchees","selected":false,"children":[{"name":"Jambons crus et secs","code":"R06F04SF03SS01","id":"28196","type":"RAYON","picto":null,"level":4,"sellerId":null,"slug":"jambons-crus-secs","selected":false,"children":null,"layers":"\/navigation\/28196\/layers","link":"\/r\/frais\/charcuterie\/jambons-crus-charcuteries-tranchees\/jambons-crus-secs"},{"name":"Bacon, Rosette et Salami","code":"R06F04SF03SS02","id":"28257","type":"RAYON","picto":null,"level":4,"sellerId":null,"slug":"bacon-rosette-salami","selected":false,"children":null,"layers":"\/navigation\/28257\/layers","link":"\/r\/frais\/charcuterie\/jambons-crus-charcuteries-tranchees\/bacon-rosette-salami"},{"name":"Grison, Pancetta et Coppa","code":"R06F04SF03SS03","id":"28258","type":"RAYON","picto":null,"level":4,"sellerId":null,"slug":"grison-pancetta-coppa","selected":false,"children":null,"layers":"\/navigation\/28258\/layers","link":"\/r\/frais\/charcuterie\/jambons-crus-charcuteries-tranchees\/grison-pancetta-coppa"},{"name":"Plateaux de charcuterie","code":"R06F04SF03SS04","id":"28318","type":"RAYON","picto":null,"level":4,"sellerId":null,"slug":"plateaux-charcuterie","selected":false,"children":null,"layers":"\/navigation\/28318\/layers","link":"\/r\/frais\/charcuterie\/jambons-crus-charcuteries-tranchees\/plateaux-charcuterie"}],"layers":"\/navigation\/28182\/layers","link":"\/r\/frais\/charcuterie\/jambons-crus-charcuteries-tranchees"},{"name":"Jambons blancs et R\u00f4tis","code":"R06F04SF04","id":"28181","type":"RAYON","picto":null,"level":3,"sellerId":null,"slug":"jambons-blancs-rotis","selected":false,"children":[{"name":"Jambons blancs","code":"R06F04SF04SS01","id":"28193","type":"RAYON","picto":null,"level":4,"sellerId":null,"slug":"jambons-blancs","selected":false,"children":null,"layers":"\/navigation\/28193\/layers","link":"\/r\/frais\/charcuterie\/jambons-blancs-rotis\/jambons-blancs"},{"name":"R\u00f4tis","code":"R06F04SF04SS02","id":"28194","type":"RAYON","picto":null,"level":4,"sellerId":null,"slug":"rotis","selected":false,"children":null,"layers":"\/navigation\/28194\/layers","link":"\/r\/frais\/charcuterie\/jambons-blancs-rotis\/rotis"},{"name":"Volaille","code":"R06F04SF04SS03","id":"28195","type":"RAYON","picto":null,"level":4,"sellerId":null,"slug":"volaille","selected":false,"children":null,"layers":"\/navigation\/28195\/layers","link":"\/r\/frais\/charcuterie\/jambons-blancs-rotis\/volaille"}],"layers":"\/navigation\/28181\/layers","link":"\/r\/frais\/charcuterie\/jambons-blancs-rotis"},{"name":"Lardons et D\u00e9s","code":"R06F04SF05","id":"28183","type":"RAYON","picto":null,"level":3,"sellerId":null,"slug":"lardons-des","selected":false,"children":null,"layers":"\/navigation\/28183\/layers","link":"\/r\/frais\/charcuterie\/lardons-des"},{"name":"Saucissons et Chorizos","code":"R06F04SF06","id":"28184","type":"RAYON","picto":null,"level":3,"sellerId":null,"slug":"saucissons-chorizos","selected":false,"children":[{"name":"Saucissons","code":"R06F04SF06SS01","id":"28198","type":"RAYON","picto":null,"level":4,"sellerId":null,"slug":"saucissons","selected":false,"children":null,"layers":"\/navigation\/28198\/layers","link":"\/r\/frais\/charcuterie\/saucissons-chorizos\/saucissons"},{"name":"Saucisses s\u00e8ches et Fuets","code":"R06F04SF06SS02","id":"28319","type":"RAYON","picto":null,"level":4,"sellerId":null,"slug":"saucisses-seches-fuets","selected":false,"children":null,"layers":"\/navigation\/28319\/layers","link":"\/r\/frais\/charcuterie\/saucissons-chorizos\/saucisses-seches-fuets"},{"name":"Chorizos","code":"R06F04SF06SS03","id":"28199","type":"RAYON","picto":null,"level":4,"sellerId":null,"slug":"chorizos","selected":false,"children":null,"layers":"\/navigation\/28199\/layers","link":"\/r\/frais\/charcuterie\/saucissons-chorizos\/chorizos"}],"layers":"\/navigation\/28184\/layers","link":"\/r\/frais\/charcuterie\/saucissons-chorizos"},{"name":"Knacks, Saucisses et Boudins","code":"R06F04SF07","id":"28186","type":"RAYON","picto":null,"level":3,"sellerId":null,"slug":"knacks-saucisses-boudins","selected":false,"children":[{"name":"Knacks","code":"R06F04SF07SS01","id":"28320","type":"RAYON","picto":null,"level":4,"sellerId":null,"slug":"knacks","selected":false,"children":null,"layers":"\/navigation\/28320\/layers","link":"\/r\/frais\/charcuterie\/knacks-saucisses-boudins\/knacks"},{"name":"Saucisses","code":"R06F04SF07SS02","id":"28321","type":"RAYON","picto":null,"level":4,"sellerId":null,"slug":"saucisses","selected":false,"children":null,"layers":"\/navigation\/28321\/layers","link":"\/r\/frais\/charcuterie\/knacks-saucisses-boudins\/saucisses"},{"name":"Boudins","code":"R06F04SF07SS03","id":"28322","type":"RAYON","picto":null,"level":4,"sellerId":null,"slug":"boudins","selected":false,"children":null,"layers":"\/navigation\/28322\/layers","link":"\/r\/frais\/charcuterie\/knacks-saucisses-boudins\/boudins"},{"name":"Andouillettes","code":"R06F04SF07SS04","id":"28323","type":"RAYON","picto":null,"level":4,"sellerId":null,"slug":"andouillettes","selected":false,"children":null,"layers":"\/navigation\/28323\/layers","link":"\/r\/frais\/charcuterie\/knacks-saucisses-boudins\/andouillettes"},{"name":"Tripes","code":"R06F04SF07SS05","id":"28324","type":"RAYON","picto":null,"level":4,"sellerId":null,"slug":"tripes","selected":false,"children":null,"layers":"\/navigation\/28324\/layers","link":"\/r\/frais\/charcuterie\/knacks-saucisses-boudins\/tripes"}],"layers":"\/navigation\/28186\/layers","link":"\/r\/frais\/charcuterie\/knacks-saucisses-boudins"},{"name":"Charcuterie halal","code":"R06F04SF08","id":"28325","type":"RAYON","picto":null,"level":3,"sellerId":null,"slug":"charcuterie-halal","selected":false,"children":null,"layers":"\/navigation\/28325\/layers","link":"\/r\/frais\/charcuterie\/charcuterie-halal"}],"layers":"\/navigation\/28132\/layers","link":"\/r\/frais\/charcuterie"},{"name":"Cr\u00e8merie","code":"R06F05","id":"28128","type":"RAYON","picto":"https:\/\/media.carrefour.fr\/medias\/a24593ad38c73a509960928681e82736\/p_96x96\/28128.jpg","level":2,"sellerId":null,"slug":"cremerie","selected":false,"children":[{"name":"\u0152ufs","code":"R06F05SF01","id":"28143","type":"RAYON","picto":null,"level":3,"sellerId":null,"slug":"oeufs","selected":false,"children":[{"name":"Oeufs de plein air","code":"R06F05SF01SS01","id":"28226","type":"RAYON","picto":null,"level":4,"sellerId":null,"slug":"oeufs-plein-air","selected":false,"children":null,"layers":"\/navigation\/28226\/layers","link":"\/r\/frais\/cremerie\/oeufs\/oeufs-plein-air"},{"name":"Oeufs bio","code":"R06F05SF01SS02","id":"28227","type":"RAYON","picto":null,"level":4,"sellerId":null,"slug":"oeufs-bio","selected":false,"children":null,"layers":"\/navigation\/28227\/layers","link":"\/r\/frais\/cremerie\/oeufs\/oeufs-bio"},{"name":"Oeufs standards","code":"R06F05SF01SS03","id":"28228","type":"RAYON","picto":null,"level":4,"sellerId":null,"slug":"oeufs-standards","selected":false,"children":null,"layers":"\/navigation\/28228\/layers","link":"\/r\/frais\/cremerie\/oeufs\/oeufs-standards"}],"layers":"\/navigation\/28143\/layers","link":"\/r\/frais\/cremerie\/oeufs"},{"name":"Beurres","code":"R06F05SF02","id":"28135","type":"RAYON","picto":null,"level":3,"sellerId":null,"slug":"beurres","selected":false,"children":[{"name":"Beurres doux","code":"R06F05SF02SS01","id":"28136","type":"RAYON","picto":null,"level":4,"sellerId":null,"slug":"beurres-doux","selected":false,"children":null,"layers":"\/navigation\/28136\/layers","link":"\/r\/frais\/cremerie\/beurres\/beurres-doux"},{"name":"Beurres demi-sel","code":"R06F05SF02SS02","id":"28137","type":"RAYON","picto":null,"level":4,"sellerId":null,"slug":"beurres-demi-sel","selected":false,"children":null,"layers":"\/navigation\/28137\/layers","link":"\/r\/frais\/cremerie\/beurres\/beurres-demi-sel"},{"name":"Beurres barquettes","code":"R06F05SF02SS03","id":"28222","type":"RAYON","picto":null,"level":4,"sellerId":null,"slug":"beurres-barquettes","selected":false,"children":null,"layers":"\/navigation\/28222\/layers","link":"\/r\/frais\/cremerie\/beurres\/beurres-barquettes"},{"name":"Beurres moul\u00e9s","code":"R06F05SF02SS04","id":"28223","type":"RAYON","picto":null,"level":4,"sellerId":null,"slug":"beurres-moules","selected":false,"children":null,"layers":"\/navigation\/28223\/layers","link":"\/r\/frais\/cremerie\/beurres\/beurres-moules"},{"name":"Beurres plaquettes","code":"R06F05SF02SS05","id":"28224","type":"RAYON","picto":null,"level":4,"sellerId":null,"slug":"beurres-plaquettes","selected":false,"children":null,"layers":"\/navigation\/28224\/layers","link":"\/r\/frais\/cremerie\/beurres\/beurres-plaquettes"},{"name":"Mini-beurres","code":"R06F05SF02SS06","id":"28225","type":"RAYON","picto":null,"level":4,"sellerId":null,"slug":"mini-beurres","selected":false,"children":null,"layers":"\/navigation\/28225\/layers","link":"\/r\/frais\/cremerie\/beurres\/mini-beurres"}],"layers":"\/navigation\/28135\/layers","link":"\/r\/frais\/cremerie\/beurres"},{"name":"Margarines et Mati\u00e8res grasses","code":"R06F05SF03","id":"28138","type":"RAYON","picto":null,"level":3,"sellerId":null,"slug":"margarines-matieres-grasses","selected":false,"children":null,"layers":"\/navigation\/28138\/layers","link":"\/r\/frais\/cremerie\/margarines-matieres-grasses"},{"name":"Cr\u00e8mes et Chantilly","code":"R06F05SF04","id":"28139","type":"RAYON","picto":null,"level":3,"sellerId":null,"slug":"cremes-chantilly","selected":false,"children":[{"name":"Cr\u00e8mes \u00e9paisses","code":"R06F05SF04SS01","id":"28140","type":"RAYON","picto":null,"level":4,"sellerId":null,"slug":"cremes-epaisses","selected":false,"children":null,"layers":"\/navigation\/28140\/layers","link":"\/r\/frais\/cremerie\/cremes-chantilly\/cremes-epaisses"},{"name":"Cr\u00e8mes fluides","code":"R06F05SF04SS02","id":"28141","type":"RAYON","picto":null,"level":4,"sellerId":null,"slug":"cremes-fluides","selected":false,"children":null,"layers":"\/navigation\/28141\/layers","link":"\/r\/frais\/cremerie\/cremes-chantilly\/cremes-fluides"},{"name":"Chantilly et Cr\u00e8mes anglaises","code":"R06F05SF04SS03","id":"28142","type":"RAYON","picto":null,"level":4,"sellerId":null,"slug":"chantilly-cremes-anglaises","selected":false,"children":null,"layers":"\/navigation\/28142\/layers","link":"\/r\/frais\/cremerie\/cremes-chantilly\/chantilly-cremes-anglaises"}],"layers":"\/navigation\/28139\/layers","link":"\/r\/frais\/cremerie\/cremes-chantilly"},{"name":"Laits et Boissons v\u00e9g\u00e9tales","code":"R06F05SF05","id":"28144","type":"RAYON","picto":null,"level":3,"sellerId":null,"slug":"laits-boissons-vegetales","selected":false,"children":[{"name":"Lait demi-\u00e9cr\u00e9m\u00e9","code":"R06F05SF05SS01","id":"28145","type":"RAYON","picto":null,"level":4,"sellerId":null,"slug":"lait-demi-ecreme","selected":false,"children":null,"layers":"\/navigation\/28145\/layers","link":"\/r\/frais\/cremerie\/laits-boissons-vegetales\/lait-demi-ecreme"},{"name":"Lait \u00e9cr\u00e9m\u00e9","code":"R06F05SF05SS02","id":"28146","type":"RAYON","picto":null,"level":4,"sellerId":null,"slug":"lait-ecreme","selected":false,"children":null,"layers":"\/navigation\/28146\/layers","link":"\/r\/frais\/cremerie\/laits-boissons-vegetales\/lait-ecreme"},{"name":"Lait entier","code":"R06F05SF05SS03","id":"28147","type":"RAYON","picto":null,"level":4,"sellerId":null,"slug":"lait-entier","selected":false,"children":null,"layers":"\/navigation\/28147\/layers","link":"\/r\/frais\/cremerie\/laits-boissons-vegetales\/lait-entier"},{"name":"Lait aromatis\u00e9","code":"R06F05SF05SS04","id":"28148","type":"RAYON","picto":null,"level":4,"sellerId":null,"slug":"lait-aromatise","selected":false,"children":null,"layers":"\/navigation\/28148\/layers","link":"\/r\/frais\/cremerie\/laits-boissons-vegetales\/lait-aromatise"},{"name":"Lait de ch\u00e8vre et Brebis","code":"R06F05SF05SS05","id":"28149","type":"RAYON","picto":null,"level":4,"sellerId":null,"slug":"lait-chevre-brebis","selected":false,"children":null,"layers":"\/navigation\/28149\/layers","link":"\/r\/frais\/cremerie\/laits-boissons-vegetales\/lait-chevre-brebis"},{"name":"Lait frais","code":"R06F05SF05SS06","id":"28150","type":"RAYON","picto":null,"level":4,"sellerId":null,"slug":"lait-frais","selected":false,"children":null,"layers":"\/navigation\/28150\/layers","link":"\/r\/frais\/cremerie\/laits-boissons-vegetales\/lait-frais"},{"name":"Boissons v\u00e9g\u00e9tales","code":"R06F05SF05SS07","id":"28151","type":"RAYON","picto":null,"level":4,"sellerId":null,"slug":"boissons-vegetales","selected":false,"children":null,"layers":"\/navigation\/28151\/layers","link":"\/r\/frais\/cremerie\/laits-boissons-vegetales\/boissons-vegetales"}],"layers":"\/navigation\/28144\/layers","link":"\/r\/frais\/cremerie\/laits-boissons-vegetales"}],"layers":"\/navigation\/28128\/layers","link":"\/r\/frais\/cremerie"},{"name":"Yaourts et Desserts","code":"R06F06","id":"28131","type":"RAYON","picto":"https:\/\/media.carrefour.fr\/medias\/09aa5ea85235320b8fe82af9482be110\/p_96x96\/28131.jpg","level":2,"sellerId":null,"slug":"yaourts-desserts","selected":false,"children":[{"name":"Yaourts","code":"R06F06SF01","id":"28229","type":"RAYON","picto":null,"level":3,"sellerId":null,"slug":"yaourts","selected":false,"children":[{"name":"Yaourts natures","code":"R06F06SF01SS01","id":"28235","type":"RAYON","picto":null,"level":4,"sellerId":null,"slug":"yaourts-natures","selected":false,"children":null,"layers":"\/navigation\/28235\/layers","link":"\/r\/frais\/yaourts-desserts\/yaourts\/yaourts-natures"},{"name":"Yaourts aux fruits et ar\u00f4matis\u00e9s","code":"R06F06SF01SS02","id":"28236","type":"RAYON","picto":null,"level":4,"sellerId":null,"slug":"yaourts-aux-fruits-aromatises","selected":false,"children":null,"layers":"\/navigation\/28236\/layers","link":"\/r\/frais\/yaourts-desserts\/yaourts\/yaourts-aux-fruits-aromatises"},{"name":"Yaourts bifidus et bien-\u00eatre","code":"R06F06SF01SS03","id":"28237","type":"RAYON","picto":null,"level":4,"sellerId":null,"slug":"yaourts-bifidus-bien-etre","selected":false,"children":null,"layers":"\/navigation\/28237\/layers","link":"\/r\/frais\/yaourts-desserts\/yaourts\/yaourts-bifidus-bien-etre"},{"name":"Yaourts all\u00e9g\u00e9s et 0%","code":"R06F06SF01SS04","id":"28238","type":"RAYON","picto":null,"level":4,"sellerId":null,"slug":"yaourts-alleges","selected":false,"children":null,"layers":"\/navigation\/28238\/layers","link":"\/r\/frais\/yaourts-desserts\/yaourts\/yaourts-alleges"},{"name":"Yaourts ch\u00e8vre et brebis","code":"R06F06SF01SS05","id":"28239","type":"RAYON","picto":null,"level":4,"sellerId":null,"slug":"yaourts-chevre-brebis","selected":false,"children":null,"layers":"\/navigation\/28239\/layers","link":"\/r\/frais\/yaourts-desserts\/yaourts\/yaourts-chevre-brebis"},{"name":"Yaourts \u00e0 boire","code":"R06F06SF01SS06","id":"28240","type":"RAYON","picto":null,"level":4,"sellerId":null,"slug":"yaourts-a-boire","selected":false,"children":null,"layers":"\/navigation\/28240\/layers","link":"\/r\/frais\/yaourts-desserts\/yaourts\/yaourts-a-boire"}],"layers":"\/navigation\/28229\/layers","link":"\/r\/frais\/yaourts-desserts\/yaourts"},{"name":"Fromages blancs et Faisselles","code":"R06F06SF02","id":"28230","type":"RAYON","picto":null,"level":3,"sellerId":null,"slug":"fromages-blancs-faisselles","selected":false,"children":[{"name":"Fromages blancs natures","code":"R06F06SF02SS01","id":"28241","type":"RAYON","picto":null,"level":4,"sellerId":null,"slug":"fromages-blancs-natures","selected":false,"children":null,"layers":"\/navigation\/28241\/layers","link":"\/r\/frais\/yaourts-desserts\/fromages-blancs-faisselles\/fromages-blancs-natures"},{"name":"Fromages blancs aux fruits et ar\u00f4matis\u00e9s","code":"R06F06SF02SS02","id":"28242","type":"RAYON","picto":null,"level":4,"sellerId":null,"slug":"fromages-blancs-aux-fruits-aromatises","selected":false,"children":null,"layers":"\/navigation\/28242\/layers","link":"\/r\/frais\/yaourts-desserts\/fromages-blancs-faisselles\/fromages-blancs-aux-fruits-aromatises"},{"name":"Fromages blancs all\u00e9g\u00e9s et 0%","code":"R06F06SF02SS03","id":"28400","type":"RAYON","picto":null,"level":4,"sellerId":null,"slug":"fromages-blancs-alleges","selected":false,"children":null,"layers":"\/navigation\/28400\/layers","link":"\/r\/frais\/yaourts-desserts\/fromages-blancs-faisselles\/fromages-blancs-alleges"},{"name":"Faisselles","code":"R06F06SF02SS04","id":"28243","type":"RAYON","picto":null,"level":4,"sellerId":null,"slug":"faisselles","selected":false,"children":null,"layers":"\/navigation\/28243\/layers","link":"\/r\/frais\/yaourts-desserts\/fromages-blancs-faisselles\/faisselles"}],"layers":"\/navigation\/28230\/layers","link":"\/r\/frais\/yaourts-desserts\/fromages-blancs-faisselles"},{"name":"Yaourts et Desserts enfants","code":"R06F06SF03","id":"28231","type":"RAYON","picto":null,"level":3,"sellerId":null,"slug":"yaourts-desserts-enfants","selected":false,"children":[{"name":"Yaourts enfants","code":"R06F06SF03SS01","id":"28244","type":"RAYON","picto":null,"level":4,"sellerId":null,"slug":"yaourts-enfants","selected":false,"children":null,"layers":"\/navigation\/28244\/layers","link":"\/r\/frais\/yaourts-desserts\/yaourts-desserts-enfants\/yaourts-enfants"},{"name":"Petits suisses","code":"R06F06SF03SS02","id":"28245","type":"RAYON","picto":null,"level":4,"sellerId":null,"slug":"petits-suisses","selected":false,"children":null,"layers":"\/navigation\/28245\/layers","link":"\/r\/frais\/yaourts-desserts\/yaourts-desserts-enfants\/petits-suisses"},{"name":"Desserts enfants","code":"R06F06SF03SS03","id":"28246","type":"RAYON","picto":null,"level":4,"sellerId":null,"slug":"desserts-enfants","selected":false,"children":null,"layers":"\/navigation\/28246\/layers","link":"\/r\/frais\/yaourts-desserts\/yaourts-desserts-enfants\/desserts-enfants"},{"name":"Yaourts \u00e0 boire","code":"R06F06SF03SS04","id":"28401","type":"RAYON","picto":null,"level":4,"sellerId":null,"slug":"yaourts-a-boire","selected":false,"children":null,"layers":"\/navigation\/28401\/layers","link":"\/r\/frais\/yaourts-desserts\/yaourts-desserts-enfants\/yaourts-a-boire"}],"layers":"\/navigation\/28231\/layers","link":"\/r\/frais\/yaourts-desserts\/yaourts-desserts-enfants"},{"name":"Cr\u00e8mes desserts, Mousses et Li\u00e9geois","code":"R06F06SF04","id":"28232","type":"RAYON","picto":null,"level":3,"sellerId":null,"slug":"cremes-dessert-mousses-liegeois","selected":false,"children":[{"name":"Cr\u00e8mes desserts","code":"R06F06SF04SS01","id":"28247","type":"RAYON","picto":null,"level":4,"sellerId":null,"slug":"cremes-desserts","selected":false,"children":null,"layers":"\/navigation\/28247\/layers","link":"\/r\/frais\/yaourts-desserts\/cremes-dessert-mousses-liegeois\/cremes-desserts"},{"name":"Cr\u00e8mes aux oeufs","code":"R06F06SF04SS02","id":"28248","type":"RAYON","picto":null,"level":4,"sellerId":null,"slug":"cremes-aux-oeufs","selected":false,"children":null,"layers":"\/navigation\/28248\/layers","link":"\/r\/frais\/yaourts-desserts\/cremes-dessert-mousses-liegeois\/cremes-aux-oeufs"},{"name":"Mousses","code":"R06F06SF04SS03","id":"28249","type":"RAYON","picto":null,"level":4,"sellerId":null,"slug":"mousses","selected":false,"children":null,"layers":"\/navigation\/28249\/layers","link":"\/r\/frais\/yaourts-desserts\/cremes-dessert-mousses-liegeois\/mousses"},{"name":"Li\u00e9geois","code":"R06F06SF04SS04","id":"28250","type":"RAYON","picto":null,"level":4,"sellerId":null,"slug":"liegeois","selected":false,"children":null,"layers":"\/navigation\/28250\/layers","link":"\/r\/frais\/yaourts-desserts\/cremes-dessert-mousses-liegeois\/liegeois"}],"layers":"\/navigation\/28232\/layers","link":"\/r\/frais\/yaourts-desserts\/cremes-dessert-mousses-liegeois"},{"name":"Flans, Riz au lait et Semoules","code":"R06F06SF05","id":"28234","type":"RAYON","picto":null,"level":3,"sellerId":null,"slug":"flans-riz-au-lait-semoules","selected":false,"children":[{"name":"Flans","code":"R06F06SF05SS01","id":"28251","type":"RAYON","picto":null,"level":4,"sellerId":null,"slug":"flans","selected":false,"children":null,"layers":"\/navigation\/28251\/layers","link":"\/r\/frais\/yaourts-desserts\/flans-riz-au-lait-semoules\/flans"},{"name":"Riz au lait","code":"R06F06SF05SS02","id":"28252","type":"RAYON","picto":null,"level":4,"sellerId":null,"slug":"riz-au-lait","selected":false,"children":null,"layers":"\/navigation\/28252\/layers","link":"\/r\/frais\/yaourts-desserts\/flans-riz-au-lait-semoules\/riz-au-lait"},{"name":"Semoules au lait","code":"R06F06SF05SS03","id":"28253","type":"RAYON","picto":null,"level":4,"sellerId":null,"slug":"semoules-au-lait","selected":false,"children":null,"layers":"\/navigation\/28253\/layers","link":"\/r\/frais\/yaourts-desserts\/flans-riz-au-lait-semoules\/semoules-au-lait"}],"layers":"\/navigation\/28234\/layers","link":"\/r\/frais\/yaourts-desserts\/flans-riz-au-lait-semoules"},{"name":"Desserts p\u00e2tissiers et Italiens","code":"R06F06SF06","id":"28233","type":"RAYON","picto":null,"level":3,"sellerId":null,"slug":"desserts-patissiers-italiens","selected":false,"children":[{"name":"Iles flottantes","code":"R06F06SF06SS01","id":"28254","type":"RAYON","picto":null,"level":4,"sellerId":null,"slug":"iles-flottantes","selected":false,"children":null,"layers":"\/navigation\/28254\/layers","link":"\/r\/frais\/yaourts-desserts\/desserts-patissiers-italiens\/iles-flottantes"},{"name":"Desserts p\u00e2tissiers","code":"R06F06SF06SS02","id":"28255","type":"RAYON","picto":null,"level":4,"sellerId":null,"slug":"desserts-patissiers","selected":false,"children":null,"layers":"\/navigation\/28255\/layers","link":"\/r\/frais\/yaourts-desserts\/desserts-patissiers-italiens\/desserts-patissiers"},{"name":"Desserts italiens","code":"R06F06SF06SS03","id":"28256","type":"RAYON","picto":null,"level":4,"sellerId":null,"slug":"desserts-italiens","selected":false,"children":null,"layers":"\/navigation\/28256\/layers","link":"\/r\/frais\/yaourts-desserts\/desserts-patissiers-italiens\/desserts-italiens"}],"layers":"\/navigation\/28233\/layers","link":"\/r\/frais\/yaourts-desserts\/desserts-patissiers-italiens"},{"name":"Compotes fra\u00eeches","code":"R06F06SF07","id":"28178","type":"RAYON","picto":null,"level":3,"sellerId":null,"slug":"compotes-fraiches","selected":false,"children":null,"layers":"\/navigation\/28178\/layers","link":"\/r\/frais\/yaourts-desserts\/compotes-fraiches"},{"name":"Desserts v\u00e9g\u00e9taux","code":"R06F06SF08","id":"28179","type":"RAYON","picto":null,"level":3,"sellerId":null,"slug":"desserts-vegetaux","selected":false,"children":null,"layers":"\/navigation\/28179\/layers","link":"\/r\/frais\/yaourts-desserts\/desserts-vegetaux"}],"layers":"\/navigation\/28131\/layers","link":"\/r\/frais\/yaourts-desserts"},{"name":"Snacking et Plats cuisin\u00e9s","code":"R06F07","id":"28134","type":"RAYON","picto":"https:\/\/media.carrefour.fr\/medias\/928a23bedee535d9a0f7a7649c73a7e4\/p_96x96\/28134.jpg","level":2,"sellerId":null,"slug":"snacking-plats-cuisines","selected":false,"children":[{"name":"Salades ","code":"R06F07SF01","id":"28349","type":"RAYON","picto":null,"level":3,"sellerId":null,"slug":"salades","selected":false,"children":[{"name":"Salades repas","code":"R06F07SF01SS01","id":"28351","type":"RAYON","picto":null,"level":4,"sellerId":null,"slug":"salades-repas","selected":false,"children":null,"layers":"\/navigation\/28351\/layers","link":"\/r\/frais\/snacking-plats-cuisines\/salades\/salades-repas"},{"name":"Salades de crudit\u00e9s","code":"R06F07SF01SS02","id":"28352","type":"RAYON","picto":null,"level":4,"sellerId":null,"slug":"salades-crudites","selected":false,"children":null,"layers":"\/navigation\/28352\/layers","link":"\/r\/frais\/snacking-plats-cuisines\/salades\/salades-crudites"},{"name":"Pi\u00e9montaises et Taboul\u00e9s","code":"R06F07SF01SS03","id":"28353","type":"RAYON","picto":null,"level":4,"sellerId":null,"slug":"piemontaises-taboules","selected":false,"children":null,"layers":"\/navigation\/28353\/layers","link":"\/r\/frais\/snacking-plats-cuisines\/salades\/piemontaises-taboules"}],"layers":"\/navigation\/28349\/layers","link":"\/r\/frais\/snacking-plats-cuisines\/salades"},{"name":"Sandwichs","code":"R06F07SF02","id":"28350","type":"RAYON","picto":null,"level":3,"sellerId":null,"slug":"sandwichs","selected":false,"children":[{"name":"Club sandwichs","code":"R06F07SF02SS01","id":"28354","type":"RAYON","picto":null,"level":4,"sellerId":null,"slug":"club-sandwichs","selected":false,"children":null,"layers":"\/navigation\/28354\/layers","link":"\/r\/frais\/snacking-plats-cuisines\/sandwichs\/club-sandwichs"},{"name":"Sandwichs baguettes","code":"R06F07SF02SS02","id":"28355","type":"RAYON","picto":null,"level":4,"sellerId":null,"slug":"sandwichs-baguettes","selected":false,"children":null,"layers":"\/navigation\/28355\/layers","link":"\/r\/frais\/snacking-plats-cuisines\/sandwichs\/sandwichs-baguettes"},{"name":"Wraps","code":"R06F07SF02SS03","id":"28356","type":"RAYON","picto":null,"level":4,"sellerId":null,"slug":"wraps","selected":false,"children":null,"layers":"\/navigation\/28356\/layers","link":"\/r\/frais\/snacking-plats-cuisines\/sandwichs\/wraps"},{"name":"Sandwichs pains polaires","code":"R06F07SF02SS04","id":"28357","type":"RAYON","picto":null,"level":4,"sellerId":null,"slug":"sandwichs-pains-polaires","selected":false,"children":null,"layers":"\/navigation\/28357\/layers","link":"\/r\/frais\/snacking-plats-cuisines\/sandwichs\/sandwichs-pains-polaires"}],"layers":"\/navigation\/28350\/layers","link":"\/r\/frais\/snacking-plats-cuisines\/sandwichs"},{"name":"Burgers et Galettes","code":"R06F07SF03","id":"28358","type":"RAYON","picto":null,"level":3,"sellerId":null,"slug":"burgers-galettes","selected":false,"children":[{"name":"Burgers","code":"R06F07SF03SS01","id":"28359","type":"RAYON","picto":null,"level":4,"sellerId":null,"slug":"burgers","selected":false,"children":null,"layers":"\/navigation\/28359\/layers","link":"\/r\/frais\/snacking-plats-cuisines\/burgers-galettes\/burgers"},{"name":"Hot-dog","code":"R06F07SF03SS02","id":"28360","type":"RAYON","picto":null,"level":4,"sellerId":null,"slug":"hot-dog","selected":false,"children":null,"layers":"\/navigation\/28360\/layers","link":"\/r\/frais\/snacking-plats-cuisines\/burgers-galettes\/hot-dog"},{"name":"Galettes compos\u00e9es","code":"R06F07SF03SS03","id":"28361","type":"RAYON","picto":null,"level":4,"sellerId":null,"slug":"galettes-composees","selected":false,"children":null,"layers":"\/navigation\/28361\/layers","link":"\/r\/frais\/snacking-plats-cuisines\/burgers-galettes\/galettes-composees"}],"layers":"\/navigation\/28358\/layers","link":"\/r\/frais\/snacking-plats-cuisines\/burgers-galettes"},{"name":"Box de p\u00e2tes","code":"R06F07SF04","id":"28362","type":"RAYON","picto":null,"level":3,"sellerId":null,"slug":"box-pates","selected":false,"children":null,"layers":"\/navigation\/28362\/layers","link":"\/r\/frais\/snacking-plats-cuisines\/box-pates"},{"name":"Plats cuisin\u00e9s","code":"R06F07SF05","id":"28363","type":"RAYON","picto":null,"level":3,"sellerId":null,"slug":"plats-cuisines","selected":false,"children":[{"name":"Plats cuisin\u00e9s \u00e0 base de viande","code":"R06F07SF05SS01","id":"28364","type":"RAYON","picto":null,"level":4,"sellerId":null,"slug":"plats-cuisines-viande","selected":false,"children":null,"layers":"\/navigation\/28364\/layers","link":"\/r\/frais\/snacking-plats-cuisines\/plats-cuisines\/plats-cuisines-viande"},{"name":"Plats cuisin\u00e9s \u00e0 base de produits de la mer","code":"R06F07SF05SS02","id":"28365","type":"RAYON","picto":null,"level":4,"sellerId":null,"slug":"plats-cuisines-produits-mer","selected":false,"children":null,"layers":"\/navigation\/28365\/layers","link":"\/r\/frais\/snacking-plats-cuisines\/plats-cuisines\/plats-cuisines-produits-mer"},{"name":"Plats cuisin\u00e9s \u00e0 base de l\u00e9gumes","code":"R06F07SF05SS03","id":"28366","type":"RAYON","picto":null,"level":4,"sellerId":null,"slug":"plats-cuisines-legumes","selected":false,"children":null,"layers":"\/navigation\/28366\/layers","link":"\/r\/frais\/snacking-plats-cuisines\/plats-cuisines\/plats-cuisines-legumes"}],"layers":"\/navigation\/28363\/layers","link":"\/r\/frais\/snacking-plats-cuisines\/plats-cuisines"}],"layers":"\/navigation\/28134\/layers","link":"\/r\/frais\/snacking-plats-cuisines"},{"name":"V\u00e9g\u00e9tal","code":"R06F08","id":"28708","type":"RAYON","picto":null,"level":2,"sellerId":null,"slug":"vegetal","selected":false,"children":[{"name":"Desserts v\u00e9g\u00e9taux","code":"R06F08SF01","id":"28709","type":"RAYON","picto":null,"level":3,"sellerId":null,"slug":"desserts-vegetaux","selected":false,"children":[{"name":"Desserts natures","code":"R06F08SF01SS01","id":"28713","type":"RAYON","picto":null,"level":4,"sellerId":null,"slug":"desserts-natures","selected":false,"children":null,"layers":"\/navigation\/28713\/layers","link":"\/r\/frais\/vegetal\/desserts-vegetaux\/desserts-natures"},{"name":"Desserts aux fruits","code":"R06F08SF01SS02","id":"28714","type":"RAYON","picto":null,"level":4,"sellerId":null,"slug":"desserts-fruits","selected":false,"children":null,"layers":"\/navigation\/28714\/layers","link":"\/r\/frais\/vegetal\/desserts-vegetaux\/desserts-fruits"},{"name":"Desserts gourmands","code":"R06F08SF01SS03","id":"28715","type":"RAYON","picto":null,"level":4,"sellerId":null,"slug":"desserts-gourmands","selected":false,"children":null,"layers":"\/navigation\/28715\/layers","link":"\/r\/frais\/vegetal\/desserts-vegetaux\/desserts-gourmands"}],"layers":"\/navigation\/28709\/layers","link":"\/r\/frais\/vegetal\/desserts-vegetaux"},{"name":"Boissons v\u00e9g\u00e9tales","code":"R06F08SF02","id":"28710","type":"RAYON","picto":null,"level":3,"sellerId":null,"slug":"boissons-vegetales","selected":false,"children":[{"name":"Boisson v\u00e9g\u00e9tale amande ","code":"R06F08SF02SS01","id":"28716","type":"RAYON","picto":null,"level":4,"sellerId":null,"slug":"boisson-vegetale-amande","selected":false,"children":null,"layers":"\/navigation\/28716\/layers","link":"\/r\/frais\/vegetal\/boissons-vegetales\/boisson-vegetale-amande"},{"name":"Boisson v\u00e9g\u00e9tale soja","code":"R06F08SF02SS02","id":"28717","type":"RAYON","picto":null,"level":4,"sellerId":null,"slug":"boisson-vegetale-soja","selected":false,"children":null,"layers":"\/navigation\/28717\/layers","link":"\/r\/frais\/vegetal\/boissons-vegetales\/boisson-vegetale-soja"},{"name":"Boisson v\u00e9g\u00e9tale riz","code":"R06F08SF02SS03","id":"28718","type":"RAYON","picto":null,"level":4,"sellerId":null,"slug":"boisson-vegetale-riz","selected":false,"children":null,"layers":"\/navigation\/28718\/layers","link":"\/r\/frais\/vegetal\/boissons-vegetales\/boisson-vegetale-riz"},{"name":"Boisson v\u00e9g\u00e9tale avoine","code":"R06F08SF02SS04","id":"28719","type":"RAYON","picto":null,"level":4,"sellerId":null,"slug":"boisson-vegetale-avoine","selected":false,"children":null,"layers":"\/navigation\/28719\/layers","link":"\/r\/frais\/vegetal\/boissons-vegetales\/boisson-vegetale-avoine"},{"name":"Boisson v\u00e9g\u00e9tale noisette","code":"R06F08SF02SS05","id":"28720","type":"RAYON","picto":null,"level":4,"sellerId":null,"slug":"boisson-vegetale-noisette","selected":false,"children":null,"layers":"\/navigation\/28720\/layers","link":"\/r\/frais\/vegetal\/boissons-vegetales\/boisson-vegetale-noisette"},{"name":"Boisson v\u00e9g\u00e9tale coco","code":"R06F08SF02SS06","id":"28721","type":"RAYON","picto":null,"level":4,"sellerId":null,"slug":"boisson-vegetale-coco","selected":false,"children":null,"layers":"\/navigation\/28721\/layers","link":"\/r\/frais\/vegetal\/boissons-vegetales\/boisson-vegetale-coco"},{"name":"Boisson v\u00e9g\u00e9tale \u00e9peautre ","code":"R06F08SF02SS07","id":"28722","type":"RAYON","picto":null,"level":4,"sellerId":null,"slug":"boissons-vegetale-epeautre","selected":false,"children":null,"layers":"\/navigation\/28722\/layers","link":"\/r\/frais\/vegetal\/boissons-vegetales\/boissons-vegetale-epeautre"}],"layers":"\/navigation\/28710\/layers","link":"\/r\/frais\/vegetal\/boissons-vegetales"},{"name":"Traiteur v\u00e9g\u00e9tal","code":"R06F08SF03","id":"28711","type":"RAYON","picto":null,"level":3,"sellerId":null,"slug":"traiteur-vegetal","selected":false,"children":[{"name":"Steaks et Pan\u00e9s v\u00e9g\u00e9taux","code":"R06F08SF03SS01","id":"28728","type":"RAYON","picto":null,"level":4,"sellerId":null,"slug":"steaks-panes-vegetaux","selected":false,"children":null,"layers":"\/navigation\/28728\/layers","link":"\/r\/frais\/vegetal\/traiteur-vegetal\/steaks-panes-vegetaux"},{"name":"Plats cuisin\u00e9s","code":"R06F08SF03SS02","id":"28726","type":"RAYON","picto":null,"level":4,"sellerId":null,"slug":"plats-cuisines","selected":false,"children":null,"layers":"\/navigation\/28726\/layers","link":"\/r\/frais\/vegetal\/traiteur-vegetal\/plats-cuisines"},{"name":"Saucisses v\u00e9g\u00e9tales","code":"R06F08SF03SS03","id":"28727","type":"RAYON","picto":null,"level":4,"sellerId":null,"slug":"saucisses-vegetales","selected":false,"children":null,"layers":"\/navigation\/28727\/layers","link":"\/r\/frais\/vegetal\/traiteur-vegetal\/saucisses-vegetales"}],"layers":"\/navigation\/28711\/layers","link":"\/r\/frais\/vegetal\/traiteur-vegetal"},{"name":"Aide culinaire","code":"R06F08SF04","id":"28712","type":"RAYON","picto":null,"level":3,"sellerId":null,"slug":"aide-culinaire","selected":false,"children":null,"layers":"\/navigation\/28712\/layers","link":"\/r\/frais\/vegetal\/aide-culinaire"}],"layers":"\/navigation\/28708\/layers","link":"\/r\/frais\/vegetal"}],"layers":"\/navigation\/28127\/layers","link":"\/r\/frais"},{"name":"Surgel\u00e9s","code":"R07","id":"2074","type":"RAYON","picto":"https:\/\/media.carrefour.fr\/medias\/5586596a0fc730d5846de9a72d3cea57\/p_96x96\/2074.jpg","level":1,"sellerId":null,"slug":"surgeles","selected":false,"children":[{"name":"Surgel\u00e9 traiteur et B\u00fbches","code":"R07F01","id":"2099","type":"RAYON","picto":"https:\/\/media.carrefour.fr\/medias\/cc1a945b86a13408842ea6cc862b9efe\/p_96x96\/2099.jpg","level":2,"sellerId":null,"slug":"surgele-traiteur","selected":false,"children":[{"name":"Ap\u00e9ritifs","code":"R07F01SF01","id":"2100","type":"RAYON","picto":null,"level":3,"sellerId":null,"slug":"aperitifs","selected":false,"children":null,"layers":"\/navigation\/2100\/layers","link":"\/r\/surgeles\/surgele-traiteur\/aperitifs"},{"name":"Entr\u00e9es, Feuillet\u00e9s et Coquilles","code":"R07F01SF02","id":"2101","type":"RAYON","picto":null,"level":3,"sellerId":null,"slug":"entrees-feuilletes-et-coquilles","selected":false,"children":null,"layers":"\/navigation\/2101\/layers","link":"\/r\/surgeles\/surgele-traiteur\/entrees-feuilletes-et-coquilles"},{"name":"B\u00fbches, Viennoiseries et P\u00e2tisseries","code":"R07F01SF03","id":"2103","type":"RAYON","picto":null,"level":3,"sellerId":null,"slug":"pains-viennoiseries-et-patisseries","selected":false,"children":null,"layers":"\/navigation\/2103\/layers","link":"\/r\/surgeles\/surgele-traiteur\/pains-viennoiseries-et-patisseries"},{"name":"Burgers et Snacking","code":"R07F01SF04","id":"2102","type":"RAYON","picto":null,"level":3,"sellerId":null,"slug":"burger-et-snacking","selected":false,"children":null,"layers":"\/navigation\/2102\/layers","link":"\/r\/surgeles\/surgele-traiteur\/burger-et-snacking"}],"layers":"\/navigation\/2099\/layers","link":"\/r\/surgeles\/surgele-traiteur"},{"name":"Poissons et Crustac\u00e9s","code":"R07F02","id":"2089","type":"RAYON","picto":"https:\/\/media.carrefour.fr\/medias\/6cea453a084c30fe8534a86dc57212aa\/p_96x96\/2089.jpg","level":2,"sellerId":null,"slug":"poissons-et-crustaces","selected":false,"children":[{"name":"Poissons natures et cuisin\u00e9s","code":"R07F02SF01","id":"2090","type":"RAYON","picto":null,"level":3,"sellerId":null,"slug":"poissons-natures-et-cuisines","selected":false,"children":null,"layers":"\/navigation\/2090\/layers","link":"\/r\/surgeles\/poissons-et-crustaces\/poissons-natures-et-cuisines"},{"name":"Crustac\u00e9s et Mollusques","code":"R07F02SF02","id":"2091","type":"RAYON","picto":null,"level":3,"sellerId":null,"slug":"crustaces-et-mollusques","selected":false,"children":null,"layers":"\/navigation\/2091\/layers","link":"\/r\/surgeles\/poissons-et-crustaces\/crustaces-et-mollusques"}],"layers":"\/navigation\/2089\/layers","link":"\/r\/surgeles\/poissons-et-crustaces"},{"name":"Plats cuisin\u00e9s","code":"R07F03","id":"2075","type":"RAYON","picto":"https:\/\/media.carrefour.fr\/medias\/3846c27b60153c56a04e56b02bcf2ecd\/p_96x96\/2075.jpg","level":2,"sellerId":null,"slug":"plats-cuisines","selected":false,"children":[{"name":"Plats de viande et volaille","code":"R07F03SF01","id":"2076","type":"RAYON","picto":null,"level":3,"sellerId":null,"slug":"plats-de-viande-et-volaille","selected":false,"children":null,"layers":"\/navigation\/2076\/layers","link":"\/r\/surgeles\/plats-cuisines\/plats-de-viande-et-volaille"},{"name":"Plats de la mer","code":"R07F03SF02","id":"2077","type":"RAYON","picto":null,"level":3,"sellerId":null,"slug":"plats-de-la-mer","selected":false,"children":null,"layers":"\/navigation\/2077\/layers","link":"\/r\/surgeles\/plats-cuisines\/plats-de-la-mer"},{"name":"Parmentiers, Lasagnes et Gratins","code":"R07F03SF03","id":"2078","type":"RAYON","picto":null,"level":3,"sellerId":null,"slug":"parmentiers-lasagnes-et-gratins","selected":false,"children":null,"layers":"\/navigation\/2078\/layers","link":"\/r\/surgeles\/plats-cuisines\/parmentiers-lasagnes-et-gratins"},{"name":"Po\u00eal\u00e9es de l\u00e9gumes, P\u00e2tes et Pur\u00e9es","code":"R07F03SF04","id":"2079","type":"RAYON","picto":null,"level":3,"sellerId":null,"slug":"poeleespates-et-purees","selected":false,"children":null,"layers":"\/navigation\/2079\/layers","link":"\/r\/surgeles\/plats-cuisines\/poeleespates-et-purees"},{"name":"Quiches et Tartes","code":"R07F03SF05","id":"2080","type":"RAYON","picto":null,"level":3,"sellerId":null,"slug":"quiches-et-tartes","selected":false,"children":null,"layers":"\/navigation\/2080\/layers","link":"\/r\/surgeles\/plats-cuisines\/quiches-et-tartes"}],"layers":"\/navigation\/2075\/layers","link":"\/r\/surgeles\/plats-cuisines"},{"name":"Pomme de terre et Frites","code":"R07F04","id":"2096","type":"RAYON","picto":"https:\/\/media.carrefour.fr\/medias\/45a0775222303ed188f7aa90b1bee2c9\/p_96x96\/2096.jpg","level":2,"sellerId":null,"slug":"pomme-de-terre-et-frites","selected":false,"children":[{"name":"Frites","code":"R07F04SF01","id":"2097","type":"RAYON","picto":null,"level":3,"sellerId":null,"slug":"frites","selected":false,"children":null,"layers":"\/navigation\/2097\/layers","link":"\/r\/surgeles\/pomme-de-terre-et-frites\/frites"},{"name":"Pommes rissol\u00e9es, noisettes et rostis","code":"R07F04SF02","id":"2098","type":"RAYON","picto":null,"level":3,"sellerId":null,"slug":"pommes-rissolees-noisettes-et-rostis","selected":false,"children":null,"layers":"\/navigation\/2098\/layers","link":"\/r\/surgeles\/pomme-de-terre-et-frites\/pommes-rissolees-noisettes-et-rostis"}],"layers":"\/navigation\/2096\/layers","link":"\/r\/surgeles\/pomme-de-terre-et-frites"},{"name":"L\u00e9gumes et Fruits","code":"R07F05","id":"2092","type":"RAYON","picto":"https:\/\/media.carrefour.fr\/medias\/ab4d8e1c03ba3c32907900615981464b\/p_96x96\/2092.jpg","level":2,"sellerId":null,"slug":"legumes-et-fruits","selected":false,"children":[{"name":"L\u00e9gumes natures","code":"R07F05SF01","id":"2093","type":"RAYON","picto":null,"level":3,"sellerId":null,"slug":"legumes-natures","selected":false,"children":null,"layers":"\/navigation\/2093\/layers","link":"\/r\/surgeles\/legumes-et-fruits\/legumes-natures"},{"name":"Fruits et Coulis","code":"R07F05SF02","id":"2094","type":"RAYON","picto":null,"level":3,"sellerId":null,"slug":"fruits-et-coulis","selected":false,"children":null,"layers":"\/navigation\/2094\/layers","link":"\/r\/surgeles\/legumes-et-fruits\/fruits-et-coulis"},{"name":"Herbes aromatiques et Sauces","code":"R07F05SF03","id":"2095","type":"RAYON","picto":null,"level":3,"sellerId":null,"slug":"herbes-aromatiques-et-sauces","selected":false,"children":null,"layers":"\/navigation\/2095\/layers","link":"\/r\/surgeles\/legumes-et-fruits\/herbes-aromatiques-et-sauces"}],"layers":"\/navigation\/2092\/layers","link":"\/r\/surgeles\/legumes-et-fruits"},{"name":"Viande et Volaille","code":"R07F06","id":"2081","type":"RAYON","picto":"https:\/\/media.carrefour.fr\/medias\/9f611ddec308352a99f830f823eac655\/p_96x96\/2081.jpg","level":2,"sellerId":null,"slug":"viande-et-volaille","selected":false,"children":[{"name":"Steaks hach\u00e9s","code":"R07F06SF01","id":"2082","type":"RAYON","picto":null,"level":3,"sellerId":null,"slug":"steaks-haches","selected":false,"children":null,"layers":"\/navigation\/2082\/layers","link":"\/r\/surgeles\/viande-et-volaille\/steaks-haches"},{"name":"Viande hach\u00e9e et Boulettes","code":"R07F06SF02","id":"2083","type":"RAYON","picto":null,"level":3,"sellerId":null,"slug":"viande-hachee-et-boulettes","selected":false,"children":null,"layers":"\/navigation\/2083\/layers","link":"\/r\/surgeles\/viande-et-volaille\/viande-hachee-et-boulettes"},{"name":"Volailles","code":"R07F06SF03","id":"2085","type":"RAYON","picto":null,"level":3,"sellerId":null,"slug":"volailles","selected":false,"children":null,"layers":"\/navigation\/2085\/layers","link":"\/r\/surgeles\/viande-et-volaille\/volailles"},{"name":"Autres viandes","code":"R07F06SF04","id":"2084","type":"RAYON","picto":null,"level":3,"sellerId":null,"slug":"autres-viandes","selected":false,"children":null,"layers":"\/navigation\/2084\/layers","link":"\/r\/surgeles\/viande-et-volaille\/autres-viandes"}],"layers":"\/navigation\/2081\/layers","link":"\/r\/surgeles\/viande-et-volaille"},{"name":"Pan\u00e9s","code":"R07F07","id":"2086","type":"RAYON","picto":"https:\/\/media.carrefour.fr\/medias\/8f1bccd94a823a9ca4bf6dd8e22e7c1e\/p_96x96\/2086.jpg","level":2,"sellerId":null,"slug":"panes","selected":false,"children":[{"name":"Volaille pan\u00e9e","code":"R07F07SF01","id":"2087","type":"RAYON","picto":null,"level":3,"sellerId":null,"slug":"volaille-panee","selected":false,"children":null,"layers":"\/navigation\/2087\/layers","link":"\/r\/surgeles\/panes\/volaille-panee"},{"name":"Poisson pan\u00e9","code":"R07F07SF02","id":"2088","type":"RAYON","picto":null,"level":3,"sellerId":null,"slug":"poisson-pane","selected":false,"children":null,"layers":"\/navigation\/2088\/layers","link":"\/r\/surgeles\/panes\/poisson-pane"}],"layers":"\/navigation\/2086\/layers","link":"\/r\/surgeles\/panes"},{"name":"Pizzas","code":"R07F08","id":"2111","type":"RAYON","picto":"https:\/\/media.carrefour.fr\/medias\/c98c3e6057713124862281fe45ba61d4\/p_96x96\/2111.jpg","level":2,"sellerId":null,"slug":"pizzas","selected":false,"children":null,"layers":"\/navigation\/2111\/layers","link":"\/r\/surgeles\/pizzas"},{"name":"Glaces et Sorbets","code":"R07F09","id":"2104","type":"RAYON","picto":"https:\/\/media.carrefour.fr\/medias\/cbdb1f55420f3271bd62e592dc601ca7\/p_96x96\/2104.jpg","level":2,"sellerId":null,"slug":"glaces-et-sorbets","selected":false,"children":[{"name":"Cr\u00e8mes glac\u00e9es et Sorbets en bac","code":"R07F09SF01","id":"2105","type":"RAYON","picto":null,"level":3,"sellerId":null,"slug":"cremes-glacees-et-sorbets-en-bac","selected":false,"children":null,"layers":"\/navigation\/2105\/layers","link":"\/r\/surgeles\/glaces-et-sorbets\/cremes-glacees-et-sorbets-en-bac"},{"name":"Glaces en pot","code":"R07F09SF02","id":"2106","type":"RAYON","picto":null,"level":3,"sellerId":null,"slug":"glaces-en-pot","selected":false,"children":null,"layers":"\/navigation\/2106\/layers","link":"\/r\/surgeles\/glaces-et-sorbets\/glaces-en-pot"},{"name":"B\u00e2tonnets et Barres","code":"R07F09SF03","id":"2107","type":"RAYON","picto":null,"level":3,"sellerId":null,"slug":"batonnets-et-barres","selected":false,"children":null,"layers":"\/navigation\/2107\/layers","link":"\/r\/surgeles\/glaces-et-sorbets\/batonnets-et-barres"},{"name":"C\u00f4nes","code":"R07F09SF04","id":"2108","type":"RAYON","picto":null,"level":3,"sellerId":null,"slug":"cones","selected":false,"children":null,"layers":"\/navigation\/2108\/layers","link":"\/r\/surgeles\/glaces-et-sorbets\/cones"},{"name":"Minis (pots, c\u00f4nes, b\u00e2tonnets)","code":"R07F09SF05","id":"2109","type":"RAYON","picto":null,"level":3,"sellerId":null,"slug":"minis-pots-cones-batonnets","selected":false,"children":null,"layers":"\/navigation\/2109\/layers","link":"\/r\/surgeles\/glaces-et-sorbets\/minis-pots-cones-batonnets"},{"name":"Glaces enfant","code":"R07F09SF06","id":"2110","type":"RAYON","picto":null,"level":3,"sellerId":null,"slug":"glaces-enfant","selected":false,"children":null,"layers":"\/navigation\/2110\/layers","link":"\/r\/surgeles\/glaces-et-sorbets\/glaces-enfant"}],"layers":"\/navigation\/2104\/layers","link":"\/r\/surgeles\/glaces-et-sorbets"}],"layers":"\/navigation\/2074\/layers","link":"\/r\/surgeles"},{"name":"Epicerie sal\u00e9e","code":"R08","id":"2112","type":"RAYON","picto":"https:\/\/media.carrefour.fr\/medias\/e4d537e30ae43902b93147c989d2ad02\/p_96x96\/2112.jpg","level":1,"sellerId":null,"slug":"epicerie-salee","selected":false,"children":[{"name":"Conserves, Bocaux et Foies gras","code":"R08F01","id":"2132","type":"RAYON","picto":"https:\/\/media.carrefour.fr\/medias\/a98f11bcabc2362991b1a0d9bf2d9621\/p_96x96\/2132.jpg","level":2,"sellerId":null,"slug":"conserves-et-bocaux","selected":false,"children":[{"name":"P\u00e2t\u00e9s et Foies gras","code":"R08F01SF01","id":"2142","type":"RAYON","picto":null,"level":3,"sellerId":null,"slug":"pates-et-foies-gras","selected":false,"children":null,"layers":"\/navigation\/2142\/layers","link":"\/r\/epicerie-salee\/conserves-et-bocaux\/pates-et-foies-gras"},{"name":"Ma\u00efs, Asperges, Palmiers...","code":"R08F01SF02","id":"2133","type":"RAYON","picto":null,"level":3,"sellerId":null,"slug":"mais-asperges-palmiers","selected":false,"children":null,"layers":"\/navigation\/2133\/layers","link":"\/r\/epicerie-salee\/conserves-et-bocaux\/mais-asperges-palmiers"},{"name":"Mac\u00e9doines, Ratatouilles et Autres m\u00e9langes de l\u00e9gumes","code":"R08F01SF03","id":"2134","type":"RAYON","picto":null,"level":3,"sellerId":null,"slug":"macedoines-ratatouille-et-autres-melanges-de-legumes","selected":false,"children":null,"layers":"\/navigation\/2134\/layers","link":"\/r\/epicerie-salee\/conserves-et-bocaux\/macedoines-ratatouille-et-autres-melanges-de-legumes"},{"name":"Champignons et Tomates","code":"R08F01SF04","id":"2135","type":"RAYON","picto":null,"level":3,"sellerId":null,"slug":"champignons-et-tomates","selected":false,"children":null,"layers":"\/navigation\/2135\/layers","link":"\/r\/epicerie-salee\/conserves-et-bocaux\/champignons-et-tomates"},{"name":"L\u00e9gumes verts","code":"R08F01SF05","id":"2136","type":"RAYON","picto":null,"level":3,"sellerId":null,"slug":"legumes-verts","selected":false,"children":null,"layers":"\/navigation\/2136\/layers","link":"\/r\/epicerie-salee\/conserves-et-bocaux\/legumes-verts"},{"name":"Lentilles et L\u00e9gumes secs","code":"R08F01SF06","id":"2137","type":"RAYON","picto":null,"level":3,"sellerId":null,"slug":"lentilles-et-legumes-secs","selected":false,"children":null,"layers":"\/navigation\/2137\/layers","link":"\/r\/epicerie-salee\/conserves-et-bocaux\/lentilles-et-legumes-secs"},{"name":"Autres l\u00e9gumes","code":"R08F01SF07","id":"2138","type":"RAYON","picto":null,"level":3,"sellerId":null,"slug":"autres-legumes","selected":false,"children":null,"layers":"\/navigation\/2138\/layers","link":"\/r\/epicerie-salee\/conserves-et-bocaux\/autres-legumes"},{"name":"Thon","code":"R08F01SF08","id":"2139","type":"RAYON","picto":null,"level":3,"sellerId":null,"slug":"thon","selected":false,"children":null,"layers":"\/navigation\/2139\/layers","link":"\/r\/epicerie-salee\/conserves-et-bocaux\/thon"},{"name":"Sardines et Maquereaux","code":"R08F01SF09","id":"2140","type":"RAYON","picto":null,"level":3,"sellerId":null,"slug":"sardines-et-maquereaux","selected":false,"children":null,"layers":"\/navigation\/2140\/layers","link":"\/r\/epicerie-salee\/conserves-et-bocaux\/sardines-et-maquereaux"},{"name":"Salades, Rillettes et Autres poissons","code":"R08F01SF10","id":"2141","type":"RAYON","picto":null,"level":3,"sellerId":null,"slug":"salades-rillettes-et-autres-poissons","selected":false,"children":null,"layers":"\/navigation\/2141\/layers","link":"\/r\/epicerie-salee\/conserves-et-bocaux\/salades-rillettes-et-autres-poissons"}],"layers":"\/navigation\/2132\/layers","link":"\/r\/epicerie-salee\/conserves-et-bocaux"},{"name":"Pour l'ap\u00e9ritif","code":"R08F02","id":"2118","type":"RAYON","picto":"https:\/\/media.carrefour.fr\/medias\/38ebdf3129a035dbb260e1d9ef175fec\/p_96x96\/2118.jpg","level":2,"sellerId":null,"slug":"pour-laperitif","selected":false,"children":[{"name":"Chips","code":"R08F02SF01","id":"2119","type":"RAYON","picto":null,"level":3,"sellerId":null,"slug":"chips","selected":false,"children":[{"name":"Natures","code":"R08F02SF01SS01","id":"2120","type":"RAYON","picto":null,"level":4,"sellerId":null,"slug":"natures","selected":false,"children":null,"layers":"\/navigation\/2120\/layers","link":"\/r\/epicerie-salee\/pour-laperitif\/chips\/natures"},{"name":"Aromatis\u00e9es","code":"R08F02SF01SS02","id":"2121","type":"RAYON","picto":null,"level":4,"sellerId":null,"slug":"aromatisees","selected":false,"children":null,"layers":"\/navigation\/2121\/layers","link":"\/r\/epicerie-salee\/pour-laperitif\/chips\/aromatisees"}],"layers":"\/navigation\/2119\/layers","link":"\/r\/epicerie-salee\/pour-laperitif\/chips"},{"name":"Biscuits ap\u00e9ritifs","code":"R08F02SF02","id":"2122","type":"RAYON","picto":null,"level":3,"sellerId":null,"slug":"biscuits-aperitif","selected":false,"children":null,"layers":"\/navigation\/2122\/layers","link":"\/r\/epicerie-salee\/pour-laperitif\/biscuits-aperitif"},{"name":"Cacahu\u00e8tes, Pistaches ...","code":"R08F02SF03","id":"2123","type":"RAYON","picto":null,"level":3,"sellerId":null,"slug":"cacahuetes-pistaches","selected":false,"children":null,"layers":"\/navigation\/2123\/layers","link":"\/r\/epicerie-salee\/pour-laperitif\/cacahuetes-pistaches"},{"name":"Olives et Tartinables","code":"R08F02SF04","id":"2124","type":"RAYON","picto":null,"level":3,"sellerId":null,"slug":"olives-et-tartinables","selected":false,"children":null,"layers":"\/navigation\/2124\/layers","link":"\/r\/epicerie-salee\/pour-laperitif\/olives-et-tartinables"},{"name":"Tuiles et Tortillas","code":"R08F02SF05","id":"2125","type":"RAYON","picto":null,"level":3,"sellerId":null,"slug":"tuiles-et-tortillas","selected":false,"children":null,"layers":"\/navigation\/2125\/layers","link":"\/r\/epicerie-salee\/pour-laperitif\/tuiles-et-tortillas"}],"layers":"\/navigation\/2118\/layers","link":"\/r\/epicerie-salee\/pour-laperitif"},{"name":"Soupes et Croutons","code":"R08F03","id":"2113","type":"RAYON","picto":"https:\/\/media.carrefour.fr\/medias\/07a6e6e6e7d73e4187cbf34fc8febe7a\/p_96x96\/2113.jpg","level":2,"sellerId":null,"slug":"soupes-et-croutons","selected":false,"children":[{"name":"Soupes fra\u00eeches","code":"R08F03SF01","id":"2114","type":"RAYON","picto":null,"level":3,"sellerId":null,"slug":"soupes-fraiches","selected":false,"children":null,"layers":"\/navigation\/2114\/layers","link":"\/r\/epicerie-salee\/soupes-et-croutons\/soupes-fraiches"},{"name":"Soupes en brique","code":"R08F03SF02","id":"2115","type":"RAYON","picto":null,"level":3,"sellerId":null,"slug":"soupes-en-brique","selected":false,"children":null,"layers":"\/navigation\/2115\/layers","link":"\/r\/epicerie-salee\/soupes-et-croutons\/soupes-en-brique"},{"name":"Soupes d\u00e9shydrat\u00e9es","code":"R08F03SF03","id":"2116","type":"RAYON","picto":null,"level":3,"sellerId":null,"slug":"soupes-deshydratees","selected":false,"children":null,"layers":"\/navigation\/2116\/layers","link":"\/r\/epicerie-salee\/soupes-et-croutons\/soupes-deshydratees"},{"name":"Cro\u00fbtons","code":"R08F03SF04","id":"2117","type":"RAYON","picto":null,"level":3,"sellerId":null,"slug":"croutons","selected":false,"children":null,"layers":"\/navigation\/2117\/layers","link":"\/r\/epicerie-salee\/soupes-et-croutons\/croutons"}],"layers":"\/navigation\/2113\/layers","link":"\/r\/epicerie-salee\/soupes-et-croutons"},{"name":"Les plats cuisin\u00e9s","code":"R08F04","id":"2126","type":"RAYON","picto":"https:\/\/media.carrefour.fr\/medias\/38f5e1c7128536d0ba09f59e0b751caa\/p_96x96\/2126.jpg","level":2,"sellerId":null,"slug":"les-plats-cuisines","selected":false,"children":[{"name":"Plats individuels","code":"R08F04SF01","id":"2127","type":"RAYON","picto":null,"level":3,"sellerId":null,"slug":"plats-individuels","selected":false,"children":null,"layers":"\/navigation\/2127\/layers","link":"\/r\/epicerie-salee\/les-plats-cuisines\/plats-individuels"},{"name":"Raviolis et Cannellonis","code":"R08F04SF02","id":"2128","type":"RAYON","picto":null,"level":3,"sellerId":null,"slug":"raviolis-et-cannellonis","selected":false,"children":null,"layers":"\/navigation\/2128\/layers","link":"\/r\/epicerie-salee\/les-plats-cuisines\/raviolis-et-cannellonis"},{"name":"Couscous et Taboul\u00e9s","code":"R08F04SF03","id":"2129","type":"RAYON","picto":null,"level":3,"sellerId":null,"slug":"couscous-et-taboules","selected":false,"children":null,"layers":"\/navigation\/2129\/layers","link":"\/r\/epicerie-salee\/les-plats-cuisines\/couscous-et-taboules"},{"name":"Cassoulets et Confits","code":"R08F04SF04","id":"2130","type":"RAYON","picto":null,"level":3,"sellerId":null,"slug":"cassoulets-et-confits","selected":false,"children":null,"layers":"\/navigation\/2130\/layers","link":"\/r\/epicerie-salee\/les-plats-cuisines\/cassoulets-et-confits"},{"name":"Choucroutes et Autres plats","code":"R08F04SF05","id":"2131","type":"RAYON","picto":null,"level":3,"sellerId":null,"slug":"choucroutes-et-autres-plats","selected":false,"children":null,"layers":"\/navigation\/2131\/layers","link":"\/r\/epicerie-salee\/les-plats-cuisines\/choucroutes-et-autres-plats"}],"layers":"\/navigation\/2126\/layers","link":"\/r\/epicerie-salee\/les-plats-cuisines"},{"name":"P\u00e2tes, Riz et F\u00e9culents","code":"R08F05","id":"2143","type":"RAYON","picto":"https:\/\/media.carrefour.fr\/medias\/eb4dcdbd7d683b13ae40f0c1a7b5c8c7\/p_96x96\/2143.jpg","level":2,"sellerId":null,"slug":"pates-riz-feculents","selected":false,"children":[{"name":"P\u00e2tes","code":"R08F05SF01","id":"2144","type":"RAYON","picto":null,"level":3,"sellerId":null,"slug":"pates","selected":false,"children":[{"name":"P\u00e2tes longues: Spaghettis, Tagliatelles, Etc.","code":"R08F05SF01SS01","id":"2145","type":"RAYON","picto":null,"level":4,"sellerId":null,"slug":"pates-longues-spaghettis-tagliatelles-etc","selected":false,"children":null,"layers":"\/navigation\/2145\/layers","link":"\/r\/epicerie-salee\/pates-riz-feculents\/pates\/pates-longues-spaghettis-tagliatelles-etc"},{"name":"P\u00e2tes courtes: Coquillettes, Tortis, Etc.","code":"R08F05SF01SS02","id":"2146","type":"RAYON","picto":null,"level":4,"sellerId":null,"slug":"pates-courtes-coquillettes-tortis-etc","selected":false,"children":null,"layers":"\/navigation\/2146\/layers","link":"\/r\/epicerie-salee\/pates-riz-feculents\/pates\/pates-courtes-coquillettes-tortis-etc"},{"name":"Lasagnes, Crozets et Autres p\u00e2tes","code":"R08F05SF01SS03","id":"2147","type":"RAYON","picto":null,"level":4,"sellerId":null,"slug":"lasagnes-crozets-et-autres-pates","selected":false,"children":null,"layers":"\/navigation\/2147\/layers","link":"\/r\/epicerie-salee\/pates-riz-feculents\/pates\/lasagnes-crozets-et-autres-pates"},{"name":"P\u00e2tes cuisson rapide","code":"R08F05SF01SS04","id":"2148","type":"RAYON","picto":null,"level":4,"sellerId":null,"slug":"pates-cuisson-rapide","selected":false,"children":null,"layers":"\/navigation\/2148\/layers","link":"\/r\/epicerie-salee\/pates-riz-feculents\/pates\/pates-cuisson-rapide"},{"name":"P\u00e2tes sp\u00e9ciales","code":"R08F05SF01SS05","id":"2149","type":"RAYON","picto":null,"level":4,"sellerId":null,"slug":"pates-speciales","selected":false,"children":null,"layers":"\/navigation\/2149\/layers","link":"\/r\/epicerie-salee\/pates-riz-feculents\/pates\/pates-speciales"}],"layers":"\/navigation\/2144\/layers","link":"\/r\/epicerie-salee\/pates-riz-feculents\/pates"},{"name":"Riz","code":"R08F05SF02","id":"2150","type":"RAYON","picto":null,"level":3,"sellerId":null,"slug":"riz","selected":false,"children":[{"name":"Blanc et Complet","code":"R08F05SF02SS01","id":"2151","type":"RAYON","picto":null,"level":4,"sellerId":null,"slug":"blanc-et-riz-complet","selected":false,"children":null,"layers":"\/navigation\/2151\/layers","link":"\/r\/epicerie-salee\/pates-riz-feculents\/riz\/blanc-et-riz-complet"},{"name":"Basmati et Thai","code":"R08F05SF02SS02","id":"2152","type":"RAYON","picto":null,"level":4,"sellerId":null,"slug":"basmati-et-thai","selected":false,"children":null,"layers":"\/navigation\/2152\/layers","link":"\/r\/epicerie-salee\/pates-riz-feculents\/riz\/basmati-et-thai"},{"name":"Risotto et A po\u00ealer","code":"R08F05SF02SS03","id":"2153","type":"RAYON","picto":null,"level":4,"sellerId":null,"slug":"risotto-et-a-poeler","selected":false,"children":null,"layers":"\/navigation\/2153\/layers","link":"\/r\/epicerie-salee\/pates-riz-feculents\/riz\/risotto-et-a-poeler"}],"layers":"\/navigation\/2150\/layers","link":"\/r\/epicerie-salee\/pates-riz-feculents\/riz"},{"name":"Sachets express et Nouilles instantan\u00e9es","code":"R08F05SF03","id":"2154","type":"RAYON","picto":null,"level":3,"sellerId":null,"slug":"sachet-express-et-nouilles-instantanees","selected":false,"children":null,"layers":"\/navigation\/2154\/layers","link":"\/r\/epicerie-salee\/pates-riz-feculents\/sachet-express-et-nouilles-instantanees"},{"name":"Pur\u00e9es et Polenta","code":"R08F05SF04","id":"2155","type":"RAYON","picto":null,"level":3,"sellerId":null,"slug":"purees-et-polenta","selected":false,"children":null,"layers":"\/navigation\/2155\/layers","link":"\/r\/epicerie-salee\/pates-riz-feculents\/purees-et-polenta"},{"name":"Bl\u00e9, Semoule et L\u00e9gumes secs","code":"R08F05SF05","id":"2156","type":"RAYON","picto":null,"level":3,"sellerId":null,"slug":"ble-semoule-et-legumes-secs","selected":false,"children":null,"layers":"\/navigation\/2156\/layers","link":"\/r\/epicerie-salee\/pates-riz-feculents\/ble-semoule-et-legumes-secs"}],"layers":"\/navigation\/2143\/layers","link":"\/r\/epicerie-salee\/pates-riz-feculents"},{"name":"Huiles, Vinaigres et Vinaigrettes","code":"R08F06","id":"2157","type":"RAYON","picto":"https:\/\/media.carrefour.fr\/medias\/f3569b3dafbc358aa936ccc7d6d84e3a\/p_96x96\/2157.jpg","level":2,"sellerId":null,"slug":"huiles-vinaigres-et-vinaigrettes","selected":false,"children":[{"name":"Huiles","code":"R08F06SF01","id":"2158","type":"RAYON","picto":null,"level":3,"sellerId":null,"slug":"huiles","selected":false,"children":null,"layers":"\/navigation\/2158\/layers","link":"\/r\/epicerie-salee\/huiles-vinaigres-et-vinaigrettes\/huiles"},{"name":"Huiles d'olive","code":"R08F06SF02","id":"2159","type":"RAYON","picto":null,"level":3,"sellerId":null,"slug":"huiles-dolive","selected":false,"children":null,"layers":"\/navigation\/2159\/layers","link":"\/r\/epicerie-salee\/huiles-vinaigres-et-vinaigrettes\/huiles-dolive"},{"name":"Vinaigres","code":"R08F06SF03","id":"2160","type":"RAYON","picto":null,"level":3,"sellerId":null,"slug":"vinaigres","selected":false,"children":null,"layers":"\/navigation\/2160\/layers","link":"\/r\/epicerie-salee\/huiles-vinaigres-et-vinaigrettes\/vinaigres"},{"name":"Vinaigrettes, Sauces salades et Jus de citron","code":"R08F06SF04","id":"2161","type":"RAYON","picto":null,"level":3,"sellerId":null,"slug":"vinaigrettes-sauces-salades-et-jus-de-citron","selected":false,"children":null,"layers":"\/navigation\/2161\/layers","link":"\/r\/epicerie-salee\/huiles-vinaigres-et-vinaigrettes\/vinaigrettes-sauces-salades-et-jus-de-citron"}],"layers":"\/navigation\/2157\/layers","link":"\/r\/epicerie-salee\/huiles-vinaigres-et-vinaigrettes"},{"name":"Sauces et Condiments","code":"R08F07","id":"2162","type":"RAYON","picto":"https:\/\/media.carrefour.fr\/medias\/b00de341d5a33a2c8e1b6a9d8256e410\/p_96x96\/2162.jpg","level":2,"sellerId":null,"slug":"sauces-et-condiments","selected":false,"children":[{"name":"Ketchup","code":"R08F07SF01","id":"2163","type":"RAYON","picto":null,"level":3,"sellerId":null,"slug":"ketchup","selected":false,"children":null,"layers":"\/navigation\/2163\/layers","link":"\/r\/epicerie-salee\/sauces-et-condiments\/ketchup"},{"name":"Mayonnaises","code":"R08F07SF02","id":"2164","type":"RAYON","picto":null,"level":3,"sellerId":null,"slug":"mayonnaises","selected":false,"children":null,"layers":"\/navigation\/2164\/layers","link":"\/r\/epicerie-salee\/sauces-et-condiments\/mayonnaises"},{"name":"Moutardes","code":"R08F07SF03","id":"2165","type":"RAYON","picto":null,"level":3,"sellerId":null,"slug":"moutardes","selected":false,"children":null,"layers":"\/navigation\/2165\/layers","link":"\/r\/epicerie-salee\/sauces-et-condiments\/moutardes"},{"name":"Sauces froides : BBQ, Burger, B\u00e9arnaise...","code":"R08F07SF04","id":"2166","type":"RAYON","picto":null,"level":3,"sellerId":null,"slug":"sauces-froides-bbq-burger-bearnaise","selected":false,"children":null,"layers":"\/navigation\/2166\/layers","link":"\/r\/epicerie-salee\/sauces-et-condiments\/sauces-froides-bbq-burger-bearnaise"},{"name":"Sauces chaudes : B\u00e9chamel, Curry...","code":"R08F07SF05","id":"2167","type":"RAYON","picto":null,"level":3,"sellerId":null,"slug":"sauces-chaudes-bechamel-curry","selected":false,"children":null,"layers":"\/navigation\/2167\/layers","link":"\/r\/epicerie-salee\/sauces-et-condiments\/sauces-chaudes-bechamel-curry"},{"name":"Sauces pour les p\u00e2tes et le riz","code":"R08F07SF06","id":"2168","type":"RAYON","picto":null,"level":3,"sellerId":null,"slug":"sauces-pour-les-pates-et-le-riz","selected":false,"children":[{"name":"Sauces tomates","code":"R08F07SF06SS01","id":"2169","type":"RAYON","picto":null,"level":4,"sellerId":null,"slug":"sauces-tomates","selected":false,"children":null,"layers":"\/navigation\/2169\/layers","link":"\/r\/epicerie-salee\/sauces-et-condiments\/sauces-pour-les-pates-et-le-riz\/sauces-tomates"},{"name":"Sauces pesto","code":"R08F07SF06SS02","id":"2170","type":"RAYON","picto":null,"level":4,"sellerId":null,"slug":"sauces-pesto","selected":false,"children":null,"layers":"\/navigation\/2170\/layers","link":"\/r\/epicerie-salee\/sauces-et-condiments\/sauces-pour-les-pates-et-le-riz\/sauces-pesto"},{"name":"Pulpes et concentr\u00e9s de tomate","code":"R08F07SF06SS03","id":"2171","type":"RAYON","picto":null,"level":4,"sellerId":null,"slug":"pulpes-et-concentres-de-tomate","selected":false,"children":null,"layers":"\/navigation\/2171\/layers","link":"\/r\/epicerie-salee\/sauces-et-condiments\/sauces-pour-les-pates-et-le-riz\/pulpes-et-concentres-de-tomate"}],"layers":"\/navigation\/2168\/layers","link":"\/r\/epicerie-salee\/sauces-et-condiments\/sauces-pour-les-pates-et-le-riz"},{"name":"Cornichons, olives et condiments","code":"R08F07SF07","id":"2172","type":"RAYON","picto":null,"level":3,"sellerId":null,"slug":"cornichons-olives-et-condiments","selected":false,"children":null,"layers":"\/navigation\/2172\/layers","link":"\/r\/epicerie-salee\/sauces-et-condiments\/cornichons-olives-et-condiments"}],"layers":"\/navigation\/2162\/layers","link":"\/r\/epicerie-salee\/sauces-et-condiments"},{"name":"Sel, Epices et Bouillons","code":"R08F08","id":"2173","type":"RAYON","picto":"https:\/\/media.carrefour.fr\/medias\/126b59733dd437edb4869e2532f747fd\/p_96x96\/2173.jpg","level":2,"sellerId":null,"slug":"sel-epices-et-bouillons","selected":false,"children":[{"name":"Sel et Poivre","code":"R08F08SF01","id":"2174","type":"RAYON","picto":null,"level":3,"sellerId":null,"slug":"sel-et-poivre","selected":false,"children":null,"layers":"\/navigation\/2174\/layers","link":"\/r\/epicerie-salee\/sel-epices-et-bouillons\/sel-et-poivre"},{"name":"Epices et Herbes","code":"R08F08SF02","id":"2175","type":"RAYON","picto":null,"level":3,"sellerId":null,"slug":"epices-et-herbes","selected":false,"children":null,"layers":"\/navigation\/2175\/layers","link":"\/r\/epicerie-salee\/sel-epices-et-bouillons\/epices-et-herbes"},{"name":"Bouillons et Fonds de sauce","code":"R08F08SF03","id":"2176","type":"RAYON","picto":null,"level":3,"sellerId":null,"slug":"bouillons-et-fonds-de-sauce","selected":false,"children":null,"layers":"\/navigation\/2176\/layers","link":"\/r\/epicerie-salee\/sel-epices-et-bouillons\/bouillons-et-fonds-de-sauce"},{"name":"F\u00e9cule, Chapelure et Aide culinaire","code":"R08F08SF04","id":"2177","type":"RAYON","picto":null,"level":3,"sellerId":null,"slug":"fecule-chapelure-aide-culinaire","selected":false,"children":null,"layers":"\/navigation\/2177\/layers","link":"\/r\/epicerie-salee\/sel-epices-et-bouillons\/fecule-chapelure-aide-culinaire"}],"layers":"\/navigation\/2173\/layers","link":"\/r\/epicerie-salee\/sel-epices-et-bouillons"},{"name":"Produits du Monde","code":"R08F09","id":"2178","type":"RAYON","picto":"https:\/\/media.carrefour.fr\/medias\/0c92776fad1039ea871c1bde896bac5c\/p_96x96\/2178.jpg","level":2,"sellerId":null,"slug":"produits-du-monde","selected":false,"children":[{"name":"M\u00e9diterran\u00e9e","code":"R08F09SF01","id":"2179","type":"RAYON","picto":null,"level":3,"sellerId":null,"slug":"mediterranee","selected":false,"children":null,"layers":"\/navigation\/2179\/layers","link":"\/r\/epicerie-salee\/produits-du-monde\/mediterranee"},{"name":"Tex-Mex et USA","code":"R08F09SF02","id":"2180","type":"RAYON","picto":null,"level":3,"sellerId":null,"slug":"tex-mex-et-usa","selected":false,"children":null,"layers":"\/navigation\/2180\/layers","link":"\/r\/epicerie-salee\/produits-du-monde\/tex-mex-et-usa"},{"name":"Asie","code":"R08F09SF03","id":"2181","type":"RAYON","picto":null,"level":3,"sellerId":null,"slug":"asie","selected":false,"children":null,"layers":"\/navigation\/2181\/layers","link":"\/r\/epicerie-salee\/produits-du-monde\/asie"},{"name":"Halal","code":"R08F09SF04","id":"2182","type":"RAYON","picto":null,"level":3,"sellerId":null,"slug":"halal","selected":false,"children":null,"layers":"\/navigation\/2182\/layers","link":"\/r\/epicerie-salee\/produits-du-monde\/halal"},{"name":"Inde","code":"R08F09SF05","id":"25997","type":"RAYON","picto":null,"level":3,"sellerId":null,"slug":"inde","selected":false,"children":null,"layers":"\/navigation\/25997\/layers","link":"\/r\/epicerie-salee\/produits-du-monde\/inde"},{"name":"Moyen-Orient","code":"R08F09SF06","id":"26863","type":"RAYON","picto":null,"level":3,"sellerId":null,"slug":"moyen-orient","selected":false,"children":null,"layers":"\/navigation\/26863\/layers","link":"\/r\/epicerie-salee\/produits-du-monde\/moyen-orient"},{"name":"Canada","code":"R08F09SF07","id":"26905","type":"RAYON","picto":null,"level":3,"sellerId":null,"slug":"canada","selected":false,"children":null,"layers":"\/navigation\/26905\/layers","link":"\/r\/epicerie-salee\/produits-du-monde\/canada"}],"layers":"\/navigation\/2178\/layers","link":"\/r\/epicerie-salee\/produits-du-monde"},{"name":"Coffrets","code":"R08F10","id":"26862","type":"RAYON","picto":null,"level":2,"sellerId":null,"slug":"coffrets","selected":false,"children":null,"layers":"\/navigation\/26862\/layers","link":"\/r\/epicerie-salee\/coffrets"}],"layers":"\/navigation\/2112\/layers","link":"\/r\/epicerie-salee"},{"name":"Epicerie sucr\u00e9e","code":"R09","id":"2183","type":"RAYON","picto":"https:\/\/media.carrefour.fr\/medias\/844bd69b601734e28a6a6071e6595585\/p_96x96\/2183.jpg","level":1,"sellerId":null,"slug":"epicerie-sucree","selected":false,"children":[{"name":"Chocolats et Bonbons","code":"R09F01","id":"2237","type":"RAYON","picto":"https:\/\/media.carrefour.fr\/medias\/f38e2b8188c034f4ae36cb6c28b8e47e\/p_96x96\/2237.jpg","level":2,"sellerId":null,"slug":"chocolats-et-bonbons","selected":false,"children":[{"name":"Confiseries chocolat\u00e9es","code":"R09F01SF01","id":"2242","type":"RAYON","picto":null,"level":3,"sellerId":null,"slug":"confiseries-chocolatees","selected":false,"children":[{"name":"Rochers et Boites de chocolats","code":"R09F01SF01SS01","id":"2245","type":"RAYON","picto":null,"level":4,"sellerId":null,"slug":"rochers-et-boites-de-chocolats","selected":false,"children":null,"layers":"\/navigation\/2245\/layers","link":"\/r\/epicerie-sucree\/chocolats-et-bonbons\/confiseries-chocolatees\/rochers-et-boites-de-chocolats"},{"name":"Barres chocolat\u00e9es","code":"R09F01SF01SS02","id":"2243","type":"RAYON","picto":null,"level":4,"sellerId":null,"slug":"barres-chocolatees","selected":false,"children":null,"layers":"\/navigation\/2243\/layers","link":"\/r\/epicerie-sucree\/chocolats-et-bonbons\/confiseries-chocolatees\/barres-chocolatees"},{"name":"Billes et Bonbons au chocolat","code":"R09F01SF01SS03","id":"2244","type":"RAYON","picto":null,"level":4,"sellerId":null,"slug":"billes-et-bonbons-au-chocolat","selected":false,"children":null,"layers":"\/navigation\/2244\/layers","link":"\/r\/epicerie-sucree\/chocolats-et-bonbons\/confiseries-chocolatees\/billes-et-bonbons-au-chocolat"}],"layers":"\/navigation\/2242\/layers","link":"\/r\/epicerie-sucree\/chocolats-et-bonbons\/confiseries-chocolatees"},{"name":"Tablettes de chocolat","code":"R09F01SF02","id":"2238","type":"RAYON","picto":null,"level":3,"sellerId":null,"slug":"tablettes-de-chocolat","selected":false,"children":[{"name":"Tablettes chocolat au lait et blanc","code":"R09F01SF02SS01","id":"2239","type":"RAYON","picto":null,"level":4,"sellerId":null,"slug":"tablettes-chocolat-au-lait-et-blanc","selected":false,"children":null,"layers":"\/navigation\/2239\/layers","link":"\/r\/epicerie-sucree\/chocolats-et-bonbons\/tablettes-de-chocolat\/tablettes-chocolat-au-lait-et-blanc"},{"name":"Tablettes chocolat noir","code":"R09F01SF02SS02","id":"2240","type":"RAYON","picto":null,"level":4,"sellerId":null,"slug":"tablettes-chocolat-noir","selected":false,"children":null,"layers":"\/navigation\/2240\/layers","link":"\/r\/epicerie-sucree\/chocolats-et-bonbons\/tablettes-de-chocolat\/tablettes-chocolat-noir"},{"name":"Tablettes chocolat p\u00e2tissier","code":"R09F01SF02SS03","id":"2241","type":"RAYON","picto":null,"level":4,"sellerId":null,"slug":"tablettes-chocolat-patissier","selected":false,"children":null,"layers":"\/navigation\/2241\/layers","link":"\/r\/epicerie-sucree\/chocolats-et-bonbons\/tablettes-de-chocolat\/tablettes-chocolat-patissier"}],"layers":"\/navigation\/2238\/layers","link":"\/r\/epicerie-sucree\/chocolats-et-bonbons\/tablettes-de-chocolat"},{"name":"Bonbons","code":"R09F01SF03","id":"2246","type":"RAYON","picto":null,"level":3,"sellerId":null,"slug":"bonbons","selected":false,"children":null,"layers":"\/navigation\/2246\/layers","link":"\/r\/epicerie-sucree\/chocolats-et-bonbons\/bonbons"},{"name":"Confiseries de poche","code":"R09F01SF04","id":"2247","type":"RAYON","picto":null,"level":3,"sellerId":null,"slug":"confiseries-de-poche","selected":false,"children":null,"layers":"\/navigation\/2247\/layers","link":"\/r\/epicerie-sucree\/chocolats-et-bonbons\/confiseries-de-poche"},{"name":"Chewings gums","code":"R09F01SF05","id":"2248","type":"RAYON","picto":null,"level":3,"sellerId":null,"slug":"chewings-gums","selected":false,"children":null,"layers":"\/navigation\/2248\/layers","link":"\/r\/epicerie-sucree\/chocolats-et-bonbons\/chewings-gums"},{"name":"Autres confiseries","code":"R09F01SF06","id":"2249","type":"RAYON","picto":null,"level":3,"sellerId":null,"slug":"autres-confiseries","selected":false,"children":null,"layers":"\/navigation\/2249\/layers","link":"\/r\/epicerie-sucree\/chocolats-et-bonbons\/autres-confiseries"}],"layers":"\/navigation\/2237\/layers","link":"\/r\/epicerie-sucree\/chocolats-et-bonbons"},{"name":"Boissons chaudes","code":"R09F02","id":"2184","type":"RAYON","picto":"https:\/\/media.carrefour.fr\/medias\/eca136a043fc3fe29282ec8b483ff04b\/p_96x96\/2184.jpg","level":2,"sellerId":null,"slug":"boissons-chaudes","selected":false,"children":[{"name":"Dosettes et Capsules","code":"R09F02SF01","id":"2185","type":"RAYON","picto":null,"level":3,"sellerId":null,"slug":"dosettes-et-capsules","selected":false,"children":[{"name":"Compatibles Nespresso","code":"R09F02SF01SS01","id":"2186","type":"RAYON","picto":null,"level":4,"sellerId":null,"slug":"compatible-nespresso","selected":false,"children":null,"layers":"\/navigation\/2186\/layers","link":"\/r\/epicerie-sucree\/boissons-chaudes\/dosettes-et-capsules\/compatible-nespresso"},{"name":"Compatibles Senseo","code":"R09F02SF01SS02","id":"2187","type":"RAYON","picto":null,"level":4,"sellerId":null,"slug":"compatible-senseo","selected":false,"children":null,"layers":"\/navigation\/2187\/layers","link":"\/r\/epicerie-sucree\/boissons-chaudes\/dosettes-et-capsules\/compatible-senseo"},{"name":"Compatibles Tassimo","code":"R09F02SF01SS03","id":"2188","type":"RAYON","picto":null,"level":4,"sellerId":null,"slug":"compatible-tassimo","selected":false,"children":null,"layers":"\/navigation\/2188\/layers","link":"\/r\/epicerie-sucree\/boissons-chaudes\/dosettes-et-capsules\/compatible-tassimo"},{"name":"Compatibles Dolce Gusto","code":"R09F02SF01SS04","id":"2189","type":"RAYON","picto":null,"level":4,"sellerId":null,"slug":"compatible-dolce-gusto","selected":false,"children":null,"layers":"\/navigation\/2189\/layers","link":"\/r\/epicerie-sucree\/boissons-chaudes\/dosettes-et-capsules\/compatible-dolce-gusto"},{"name":"Compatibles Malongo","code":"R09F02SF01SS05","id":"2190","type":"RAYON","picto":null,"level":4,"sellerId":null,"slug":"compatible-malongo","selected":false,"children":null,"layers":"\/navigation\/2190\/layers","link":"\/r\/epicerie-sucree\/boissons-chaudes\/dosettes-et-capsules\/compatible-malongo"},{"name":"Compatibles Lavazza","code":"R09F02SF01SS06","id":"2191","type":"RAYON","picto":null,"level":4,"sellerId":null,"slug":"compatible-lavazza","selected":false,"children":null,"layers":"\/navigation\/2191\/layers","link":"\/r\/epicerie-sucree\/boissons-chaudes\/dosettes-et-capsules\/compatible-lavazza"},{"name":"Compatibles Sp\u00e9cial T","code":"R09F02SF01SS07","id":"2192","type":"RAYON","picto":null,"level":4,"sellerId":null,"slug":"compatible-special-t","selected":false,"children":null,"layers":"\/navigation\/2192\/layers","link":"\/r\/epicerie-sucree\/boissons-chaudes\/dosettes-et-capsules\/compatible-special-t"}],"layers":"\/navigation\/2185\/layers","link":"\/r\/epicerie-sucree\/boissons-chaudes\/dosettes-et-capsules"},{"name":"Caf\u00e9s moulus et en grains","code":"R09F02SF02","id":"2193","type":"RAYON","picto":null,"level":3,"sellerId":null,"slug":"cafes-moulus-et-en-grains","selected":false,"children":null,"layers":"\/navigation\/2193\/layers","link":"\/r\/epicerie-sucree\/boissons-chaudes\/cafes-moulus-et-en-grains"},{"name":"Caf\u00e9s solubles et Capuccinos","code":"R09F02SF03","id":"2194","type":"RAYON","picto":null,"level":3,"sellerId":null,"slug":"cafes-solubles-et-capuccinos","selected":false,"children":null,"layers":"\/navigation\/2194\/layers","link":"\/r\/epicerie-sucree\/boissons-chaudes\/cafes-solubles-et-capuccinos"},{"name":"Filtres et D\u00e9tartrants","code":"R09F02SF04","id":"2195","type":"RAYON","picto":null,"level":3,"sellerId":null,"slug":"filtres-et-detartrants","selected":false,"children":null,"layers":"\/navigation\/2195\/layers","link":"\/r\/epicerie-sucree\/boissons-chaudes\/filtres-et-detartrants"},{"name":"Th\u00e9s","code":"R09F02SF05","id":"2196","type":"RAYON","picto":null,"level":3,"sellerId":null,"slug":"thes","selected":false,"children":[{"name":"Th\u00e9s parfum\u00e9s","code":"R09F02SF05SS01","id":"2197","type":"RAYON","picto":null,"level":4,"sellerId":null,"slug":"thes-parfumes","selected":false,"children":null,"layers":"\/navigation\/2197\/layers","link":"\/r\/epicerie-sucree\/boissons-chaudes\/thes\/thes-parfumes"},{"name":"Th\u00e9s natures et Earl Grey","code":"R09F02SF05SS02","id":"2198","type":"RAYON","picto":null,"level":4,"sellerId":null,"slug":"thes-natures-et-earl-grey","selected":false,"children":null,"layers":"\/navigation\/2198\/layers","link":"\/r\/epicerie-sucree\/boissons-chaudes\/thes\/thes-natures-et-earl-grey"},{"name":"Th\u00e9s vrac","code":"R09F02SF05SS03","id":"2199","type":"RAYON","picto":null,"level":4,"sellerId":null,"slug":"thes-vrac","selected":false,"children":null,"layers":"\/navigation\/2199\/layers","link":"\/r\/epicerie-sucree\/boissons-chaudes\/thes\/thes-vrac"}],"layers":"\/navigation\/2196\/layers","link":"\/r\/epicerie-sucree\/boissons-chaudes\/thes"},{"name":"Infusions","code":"R09F02SF06","id":"2200","type":"RAYON","picto":null,"level":3,"sellerId":null,"slug":"infusions","selected":false,"children":[{"name":"Infusions parfum\u00e9es","code":"R09F02SF06SS01","id":"2201","type":"RAYON","picto":null,"level":4,"sellerId":null,"slug":"infusions-parfumees","selected":false,"children":null,"layers":"\/navigation\/2201\/layers","link":"\/r\/epicerie-sucree\/boissons-chaudes\/infusions\/infusions-parfumees"},{"name":"Infusions d\u00e9tox et bien-\u00eatre","code":"R09F02SF06SS02","id":"2202","type":"RAYON","picto":null,"level":4,"sellerId":null,"slug":"infusions-detox-et-bien-etre","selected":false,"children":null,"layers":"\/navigation\/2202\/layers","link":"\/r\/epicerie-sucree\/boissons-chaudes\/infusions\/infusions-detox-et-bien-etre"}],"layers":"\/navigation\/2200\/layers","link":"\/r\/epicerie-sucree\/boissons-chaudes\/infusions"},{"name":"Chocolats en poudre","code":"R09F02SF07","id":"2203","type":"RAYON","picto":null,"level":3,"sellerId":null,"slug":"chocolats-en-poudre","selected":false,"children":null,"layers":"\/navigation\/2203\/layers","link":"\/r\/epicerie-sucree\/boissons-chaudes\/chocolats-en-poudre"}],"layers":"\/navigation\/2184\/layers","link":"\/r\/epicerie-sucree\/boissons-chaudes"},{"name":"Biscuits et G\u00e2teaux","code":"R09F03","id":"2221","type":"RAYON","picto":"https:\/\/media.carrefour.fr\/medias\/552aa24dcb6b30898fb29955e4d414bd\/p_96x96\/2221.jpg","level":2,"sellerId":null,"slug":"biscuits-et-gateaux","selected":false,"children":[{"name":"Biscuits au chocolat ou \u00e0 la vanille","code":"R09F03SF01","id":"2222","type":"RAYON","picto":null,"level":3,"sellerId":null,"slug":"biscuits-au-chocolat-ou-a-la-vanille","selected":false,"children":null,"layers":"\/navigation\/2222\/layers","link":"\/r\/epicerie-sucree\/biscuits-et-gateaux\/biscuits-au-chocolat-ou-a-la-vanille"},{"name":"Biscuits aux fruits","code":"R09F03SF02","id":"2223","type":"RAYON","picto":null,"level":3,"sellerId":null,"slug":"biscuits-aux-fruits","selected":false,"children":null,"layers":"\/navigation\/2223\/layers","link":"\/r\/epicerie-sucree\/biscuits-et-gateaux\/biscuits-aux-fruits"},{"name":"Biscuits petit-d\u00e9jeuner","code":"R09F03SF03","id":"2224","type":"RAYON","picto":null,"level":3,"sellerId":null,"slug":"biscuits-petit-dejeuner","selected":false,"children":null,"layers":"\/navigation\/2224\/layers","link":"\/r\/epicerie-sucree\/biscuits-et-gateaux\/biscuits-petit-dejeuner"},{"name":"Cookies","code":"R09F03SF04","id":"2225","type":"RAYON","picto":null,"level":3,"sellerId":null,"slug":"cookies","selected":false,"children":null,"layers":"\/navigation\/2225\/layers","link":"\/r\/epicerie-sucree\/biscuits-et-gateaux\/cookies"},{"name":"Petits beurres et Biscuits secs","code":"R09F03SF05","id":"2226","type":"RAYON","picto":null,"level":3,"sellerId":null,"slug":"petits-beurres-et-biscuits-secs","selected":false,"children":null,"layers":"\/navigation\/2226\/layers","link":"\/r\/epicerie-sucree\/biscuits-et-gateaux\/petits-beurres-et-biscuits-secs"},{"name":"Assortiments de biscuits et Mignardises","code":"R09F03SF06","id":"2227","type":"RAYON","picto":null,"level":3,"sellerId":null,"slug":"assortiment-de-biscuits-et-mignardises","selected":false,"children":null,"layers":"\/navigation\/2227\/layers","link":"\/r\/epicerie-sucree\/biscuits-et-gateaux\/assortiment-de-biscuits-et-mignardises"},{"name":"Barres de c\u00e9r\u00e9ales et Chocolat\u00e9es","code":"R09F03SF07","id":"2228","type":"RAYON","picto":null,"level":3,"sellerId":null,"slug":"barres-de-cereales-et-chocolatees","selected":false,"children":[{"name":"Barres de c\u00e9r\u00e9ales","code":"R09F03SF07SS01","id":"2229","type":"RAYON","picto":null,"level":4,"sellerId":null,"slug":"barres-de-cereales","selected":false,"children":null,"layers":"\/navigation\/2229\/layers","link":"\/r\/epicerie-sucree\/biscuits-et-gateaux\/barres-de-cereales-et-chocolatees\/barres-de-cereales"},{"name":"Barres chocolat\u00e9es","code":"R09F03SF07SS02","id":"2230","type":"RAYON","picto":null,"level":4,"sellerId":null,"slug":"barres-chocolatees","selected":false,"children":null,"layers":"\/navigation\/2230\/layers","link":"\/r\/epicerie-sucree\/biscuits-et-gateaux\/barres-de-cereales-et-chocolatees\/barres-chocolatees"}],"layers":"\/navigation\/2228\/layers","link":"\/r\/epicerie-sucree\/biscuits-et-gateaux\/barres-de-cereales-et-chocolatees"},{"name":"Go\u00fbters pockets","code":"R09F03SF08","id":"2231","type":"RAYON","picto":null,"level":3,"sellerId":null,"slug":"gouters-pockets","selected":false,"children":null,"layers":"\/navigation\/2231\/layers","link":"\/r\/epicerie-sucree\/biscuits-et-gateaux\/gouters-pockets"},{"name":"Madeleines","code":"R09F03SF09","id":"2232","type":"RAYON","picto":null,"level":3,"sellerId":null,"slug":"madeleines","selected":false,"children":null,"layers":"\/navigation\/2232\/layers","link":"\/r\/epicerie-sucree\/biscuits-et-gateaux\/madeleines"},{"name":"Quatre quarts et Pains d'\u00e9pices","code":"R09F03SF10","id":"2233","type":"RAYON","picto":null,"level":3,"sellerId":null,"slug":"quatre-quarts-et-pains-depices","selected":false,"children":null,"layers":"\/navigation\/2233\/layers","link":"\/r\/epicerie-sucree\/biscuits-et-gateaux\/quatre-quarts-et-pains-depices"},{"name":"Marbr\u00e9s et Brownies","code":"R09F03SF11","id":"2234","type":"RAYON","picto":null,"level":3,"sellerId":null,"slug":"marbre-et-brownies","selected":false,"children":null,"layers":"\/navigation\/2234\/layers","link":"\/r\/epicerie-sucree\/biscuits-et-gateaux\/marbre-et-brownies"},{"name":"Cr\u00eapes et Gaufres","code":"R09F03SF12","id":"2235","type":"RAYON","picto":null,"level":3,"sellerId":null,"slug":"crepes-et-gaufres","selected":false,"children":null,"layers":"\/navigation\/2235\/layers","link":"\/r\/epicerie-sucree\/biscuits-et-gateaux\/crepes-et-gaufres"},{"name":"Biscuits bio et Di\u00e9t\u00e9tiques","code":"R09F03SF13","id":"2236","type":"RAYON","picto":null,"level":3,"sellerId":null,"slug":"biscuits-bio-et-dietetiques","selected":false,"children":null,"layers":"\/navigation\/2236\/layers","link":"\/r\/epicerie-sucree\/biscuits-et-gateaux\/biscuits-bio-et-dietetiques"}],"layers":"\/navigation\/2221\/layers","link":"\/r\/epicerie-sucree\/biscuits-et-gateaux"},{"name":"Petit d\u00e9jeuner","code":"R09F04","id":"2204","type":"RAYON","picto":"https:\/\/media.carrefour.fr\/medias\/bdf11e64badc355997a6ac1ba4c77a45\/p_96x96\/2204.jpg","level":2,"sellerId":null,"slug":"petit-dejeuner","selected":false,"children":[{"name":"C\u00e9r\u00e9ales enfants","code":"R09F04SF01","id":"2205","type":"RAYON","picto":null,"level":3,"sellerId":null,"slug":"cereales-enfants","selected":false,"children":null,"layers":"\/navigation\/2205\/layers","link":"\/r\/epicerie-sucree\/petit-dejeuner\/cereales-enfants"},{"name":"C\u00e9r\u00e9ales adultes","code":"R09F04SF02","id":"2206","type":"RAYON","picto":null,"level":3,"sellerId":null,"slug":"cereales-adultes","selected":false,"children":null,"layers":"\/navigation\/2206\/layers","link":"\/r\/epicerie-sucree\/petit-dejeuner\/cereales-adultes"},{"name":"Mueslis et Avoines","code":"R09F04SF03","id":"2207","type":"RAYON","picto":null,"level":3,"sellerId":null,"slug":"mueslis-et-avoines","selected":false,"children":null,"layers":"\/navigation\/2207\/layers","link":"\/r\/epicerie-sucree\/petit-dejeuner\/mueslis-et-avoines"},{"name":"Barres c\u00e9r\u00e9ales","code":"R09F04SF04","id":"2208","type":"RAYON","picto":null,"level":3,"sellerId":null,"slug":"barres-cereales","selected":false,"children":null,"layers":"\/navigation\/2208\/layers","link":"\/r\/epicerie-sucree\/petit-dejeuner\/barres-cereales"},{"name":"Biscuits petit-d\u00e9jeuner","code":"R09F04SF05","id":"2209","type":"RAYON","picto":null,"level":3,"sellerId":null,"slug":"biscuits-petit-dejeuner","selected":false,"children":null,"layers":"\/navigation\/2209\/layers","link":"\/r\/epicerie-sucree\/petit-dejeuner\/biscuits-petit-dejeuner"},{"name":"Biscottes, Pains grill\u00e9s et Galettes","code":"R09F04SF06","id":"2210","type":"RAYON","picto":null,"level":3,"sellerId":null,"slug":"biscottes-pains-grilles-et-galettes","selected":false,"children":null,"layers":"\/navigation\/2210\/layers","link":"\/r\/epicerie-sucree\/petit-dejeuner\/biscottes-pains-grilles-et-galettes"},{"name":"Pain de mie","code":"R09F04SF07","id":"2211","type":"RAYON","picto":null,"level":3,"sellerId":null,"slug":"pain-de-mie","selected":false,"children":null,"layers":"\/navigation\/2211\/layers","link":"\/r\/epicerie-sucree\/petit-dejeuner\/pain-de-mie"},{"name":"Brioches et Viennoiseries","code":"R09F04SF08","id":"2212","type":"RAYON","picto":null,"level":3,"sellerId":null,"slug":"brioches-et-viennoiseries","selected":false,"children":[{"name":"Brioches et Pains au lait","code":"R09F04SF08SS01","id":"2213","type":"RAYON","picto":null,"level":4,"sellerId":null,"slug":"brioches-et-pains-au-lait","selected":false,"children":null,"layers":"\/navigation\/2213\/layers","link":"\/r\/epicerie-sucree\/petit-dejeuner\/brioches-et-viennoiseries\/brioches-et-pains-au-lait"},{"name":"Viennoiseries","code":"R09F04SF08SS02","id":"2214","type":"RAYON","picto":null,"level":4,"sellerId":null,"slug":"viennoiseries","selected":false,"children":null,"layers":"\/navigation\/2214\/layers","link":"\/r\/epicerie-sucree\/petit-dejeuner\/brioches-et-viennoiseries\/viennoiseries"}],"layers":"\/navigation\/2212\/layers","link":"\/r\/epicerie-sucree\/petit-dejeuner\/brioches-et-viennoiseries"},{"name":"Confitures","code":"R09F04SF09","id":"2215","type":"RAYON","picto":null,"level":3,"sellerId":null,"slug":"confitures","selected":false,"children":[{"name":"Fruits rouges","code":"R09F04SF09SS01","id":"2216","type":"RAYON","picto":null,"level":4,"sellerId":null,"slug":"fruits-rouges","selected":false,"children":null,"layers":"\/navigation\/2216\/layers","link":"\/r\/epicerie-sucree\/petit-dejeuner\/confitures\/fruits-rouges"},{"name":"Fruits jaunes","code":"R09F04SF09SS02","id":"2217","type":"RAYON","picto":null,"level":4,"sellerId":null,"slug":"fruits-jaunes","selected":false,"children":null,"layers":"\/navigation\/2217\/layers","link":"\/r\/epicerie-sucree\/petit-dejeuner\/confitures\/fruits-jaunes"}],"layers":"\/navigation\/2215\/layers","link":"\/r\/epicerie-sucree\/petit-dejeuner\/confitures"},{"name":"P\u00e2tes \u00e0 tartiner et Miels","code":"R09F04SF10","id":"2218","type":"RAYON","picto":null,"level":3,"sellerId":null,"slug":"pates-a-tartiner-et-miels","selected":false,"children":[{"name":"P\u00e2tes \u00e0 tartiner et Cr\u00e8mes","code":"R09F04SF10SS01","id":"2219","type":"RAYON","picto":null,"level":4,"sellerId":null,"slug":"pates-a-tartiner-et-cremes","selected":false,"children":null,"layers":"\/navigation\/2219\/layers","link":"\/r\/epicerie-sucree\/petit-dejeuner\/pates-a-tartiner-et-miels\/pates-a-tartiner-et-cremes"},{"name":"Miels","code":"R09F04SF10SS02","id":"2220","type":"RAYON","picto":null,"level":4,"sellerId":null,"slug":"miels","selected":false,"children":null,"layers":"\/navigation\/2220\/layers","link":"\/r\/epicerie-sucree\/petit-dejeuner\/pates-a-tartiner-et-miels\/miels"}],"layers":"\/navigation\/2218\/layers","link":"\/r\/epicerie-sucree\/petit-dejeuner\/pates-a-tartiner-et-miels"}],"layers":"\/navigation\/2204\/layers","link":"\/r\/epicerie-sucree\/petit-dejeuner"},{"name":"Sucres, Farines, Coulis et Pr\u00e9parations g\u00e2teaux","code":"R09F05","id":"2254","type":"RAYON","picto":"https:\/\/media.carrefour.fr\/medias\/41a62a7b6371327ebd0fe4f6cf10bb71\/p_96x96\/2254.jpg","level":2,"sellerId":null,"slug":"sucres-farines-coulis-et-preparation-gateaux","selected":false,"children":[{"name":"Sucres et Edulcorants","code":"R09F05SF01","id":"2255","type":"RAYON","picto":null,"level":3,"sellerId":null,"slug":"sucres-et-edulcorants","selected":false,"children":null,"layers":"\/navigation\/2255\/layers","link":"\/r\/epicerie-sucree\/sucres-farines-coulis-et-preparation-gateaux\/sucres-et-edulcorants"},{"name":"Farines","code":"R09F05SF02","id":"2256","type":"RAYON","picto":null,"level":3,"sellerId":null,"slug":"farines","selected":false,"children":null,"layers":"\/navigation\/2256\/layers","link":"\/r\/epicerie-sucree\/sucres-farines-coulis-et-preparation-gateaux\/farines"},{"name":"Pr\u00e9parations pour g\u00e2teaux et Flans","code":"R09F05SF03","id":"2257","type":"RAYON","picto":null,"level":3,"sellerId":null,"slug":"preparation-pour-gateaux-et-flans","selected":false,"children":null,"layers":"\/navigation\/2257\/layers","link":"\/r\/epicerie-sucree\/sucres-farines-coulis-et-preparation-gateaux\/preparation-pour-gateaux-et-flans"},{"name":"Aide \u00e0 la p\u00e2tisserie","code":"R09F05SF04","id":"2258","type":"RAYON","picto":null,"level":3,"sellerId":null,"slug":"aide-a-la-patisserie","selected":false,"children":[{"name":"D\u00e9corations p\u00e2tissi\u00e8res, Nappages","code":"R09F05SF04SS01","id":"2259","type":"RAYON","picto":null,"level":4,"sellerId":null,"slug":"decorations-patissieres-nappage","selected":false,"children":null,"layers":"\/navigation\/2259\/layers","link":"\/r\/epicerie-sucree\/sucres-farines-coulis-et-preparation-gateaux\/aide-a-la-patisserie\/decorations-patissieres-nappage"},{"name":"Ar\u00f4mes, Fruits secs et Confits","code":"R09F05SF04SS02","id":"2260","type":"RAYON","picto":null,"level":4,"sellerId":null,"slug":"aromes-fruits-secs-et-confits","selected":false,"children":null,"layers":"\/navigation\/2260\/layers","link":"\/r\/epicerie-sucree\/sucres-farines-coulis-et-preparation-gateaux\/aide-a-la-patisserie\/aromes-fruits-secs-et-confits"},{"name":"Sucres vanill\u00e9s, Levures et G\u00e9lifiants","code":"R09F05SF04SS03","id":"2261","type":"RAYON","picto":null,"level":4,"sellerId":null,"slug":"sucres-vanilles-levures-et-gelifiants","selected":false,"children":null,"layers":"\/navigation\/2261\/layers","link":"\/r\/epicerie-sucree\/sucres-farines-coulis-et-preparation-gateaux\/aide-a-la-patisserie\/sucres-vanilles-levures-et-gelifiants"},{"name":"Laits en poudre et concentr\u00e9s","code":"R09F05SF04SS04","id":"2262","type":"RAYON","picto":null,"level":4,"sellerId":null,"slug":"laits-en-poudre-et-concentres","selected":false,"children":null,"layers":"\/navigation\/2262\/layers","link":"\/r\/epicerie-sucree\/sucres-farines-coulis-et-preparation-gateaux\/aide-a-la-patisserie\/laits-en-poudre-et-concentres"}],"layers":"\/navigation\/2258\/layers","link":"\/r\/epicerie-sucree\/sucres-farines-coulis-et-preparation-gateaux\/aide-a-la-patisserie"}],"layers":"\/navigation\/2254\/layers","link":"\/r\/epicerie-sucree\/sucres-farines-coulis-et-preparation-gateaux"},{"name":"Compotes, Fruits au sirop et Cr\u00e8mes desserts","code":"R09F06","id":"2250","type":"RAYON","picto":"https:\/\/media.carrefour.fr\/medias\/bd605dd9b60f38948e53c4db12e8e9a4\/p_96x96\/2250.jpg","level":2,"sellerId":null,"slug":"compotes-fruits-au-sirop-et-cremes-desserts","selected":false,"children":[{"name":"Compotes","code":"R09F06SF01","id":"2251","type":"RAYON","picto":null,"level":3,"sellerId":null,"slug":"compotes","selected":false,"children":null,"layers":"\/navigation\/2251\/layers","link":"\/r\/epicerie-sucree\/compotes-fruits-au-sirop-et-cremes-desserts\/compotes"},{"name":"Fruits au sirop","code":"R09F06SF02","id":"2252","type":"RAYON","picto":null,"level":3,"sellerId":null,"slug":"fruits-au-sirop","selected":false,"children":null,"layers":"\/navigation\/2252\/layers","link":"\/r\/epicerie-sucree\/compotes-fruits-au-sirop-et-cremes-desserts\/fruits-au-sirop"},{"name":"Cr\u00e8mes dessert","code":"R09F06SF03","id":"2253","type":"RAYON","picto":null,"level":3,"sellerId":null,"slug":"cremes-dessert","selected":false,"children":null,"layers":"\/navigation\/2253\/layers","link":"\/r\/epicerie-sucree\/compotes-fruits-au-sirop-et-cremes-desserts\/cremes-dessert"}],"layers":"\/navigation\/2250\/layers","link":"\/r\/epicerie-sucree\/compotes-fruits-au-sirop-et-cremes-desserts"},{"name":"Di\u00e9t\u00e9tique et Bien-\u00eatre","code":"R09F07","id":"2263","type":"RAYON","picto":"https:\/\/media.carrefour.fr\/medias\/60dd3c6d99e5382984bac78396a46ed7\/p_96x96\/2263.jpg","level":2,"sellerId":null,"slug":"dietetique","selected":false,"children":[{"name":"Compl\u00e9ments alimentaires","code":"R09F07SF01","id":"2270","type":"RAYON","picto":null,"level":3,"sellerId":null,"slug":"complements-alimentaires","selected":false,"children":null,"layers":"\/navigation\/2270\/layers","link":"\/r\/epicerie-sucree\/dietetique\/complements-alimentaires"},{"name":"Sans Gluten","code":"R09F07SF02","id":"2264","type":"RAYON","picto":null,"level":3,"sellerId":null,"slug":"sans-gluten","selected":false,"children":null,"layers":"\/navigation\/2264\/layers","link":"\/r\/epicerie-sucree\/dietetique\/sans-gluten"},{"name":"Biscuits, Galettes et C\u00e9r\u00e9ales","code":"R09F07SF03","id":"2265","type":"RAYON","picto":null,"level":3,"sellerId":null,"slug":"biscuits-galettes-et-cereales","selected":false,"children":null,"layers":"\/navigation\/2265\/layers","link":"\/r\/epicerie-sucree\/dietetique\/biscuits-galettes-et-cereales"},{"name":"Boissons","code":"R09F07SF04","id":"2266","type":"RAYON","picto":null,"level":3,"sellerId":null,"slug":"boissons","selected":false,"children":null,"layers":"\/navigation\/2266\/layers","link":"\/r\/epicerie-sucree\/dietetique\/boissons"},{"name":"Th\u00e9s et Infusions","code":"R09F07SF05","id":"2267","type":"RAYON","picto":null,"level":3,"sellerId":null,"slug":"thes-et-infusions","selected":false,"children":null,"layers":"\/navigation\/2267\/layers","link":"\/r\/epicerie-sucree\/dietetique\/thes-et-infusions"},{"name":"Edulcorants","code":"R09F07SF06","id":"2268","type":"RAYON","picto":null,"level":3,"sellerId":null,"slug":"edulcorants","selected":false,"children":null,"layers":"\/navigation\/2268\/layers","link":"\/r\/epicerie-sucree\/dietetique\/edulcorants"},{"name":"Repas minceur et Barres","code":"R09F07SF07","id":"2269","type":"RAYON","picto":null,"level":3,"sellerId":null,"slug":"repas-minceur-et-barres","selected":false,"children":null,"layers":"\/navigation\/2269\/layers","link":"\/r\/epicerie-sucree\/dietetique\/repas-minceur-et-barres"}],"layers":"\/navigation\/2263\/layers","link":"\/r\/epicerie-sucree\/dietetique"}],"layers":"\/navigation\/2183\/layers","link":"\/r\/epicerie-sucree"},{"name":"Boissons","code":"R10","id":"27070","type":"RAYON","picto":"https:\/\/media.carrefour.fr\/medias\/5994db3414e934f68edcb2a3cd59ba20\/p_96x96\/27070.jpg","level":1,"sellerId":null,"slug":"boissons","selected":false,"children":[{"name":"Champagnes et P\u00e9tillants","code":"R10F01","id":"27075","type":"RAYON","picto":null,"level":2,"sellerId":null,"slug":"champagnes-petillants","selected":false,"children":[{"name":"Champagnes brut et demi-sec","code":"R10F01SF01","id":"28399","type":"RAYON","picto":null,"level":3,"sellerId":null,"slug":"champagnes-brut-demi-sec","selected":false,"children":null,"layers":"\/navigation\/28399\/layers","link":"\/r\/boissons\/champagnes-petillants\/champagnes-brut-demi-sec"},{"name":"Champagnes ros\u00e9s","code":"R10F01SF02","id":"27109","type":"RAYON","picto":null,"level":3,"sellerId":null,"slug":"champagnes-roses","selected":false,"children":null,"layers":"\/navigation\/27109\/layers","link":"\/r\/boissons\/champagnes-petillants\/champagnes-roses"},{"name":"Vins p\u00e9tillants et Mousseux","code":"R10F01SF03","id":"27110","type":"RAYON","picto":null,"level":3,"sellerId":null,"slug":"vins-petillants-mousseux","selected":false,"children":[{"name":"Mousseux","code":"R10F01SF03SS01","id":"28381","type":"RAYON","picto":null,"level":4,"sellerId":null,"slug":"mousseux","selected":false,"children":null,"layers":"\/navigation\/28381\/layers","link":"\/r\/boissons\/champagnes-petillants\/vins-petillants-mousseux\/mousseux"},{"name":"Cr\u00e9mants","code":"R10F01SF03SS02","id":"28382","type":"RAYON","picto":null,"level":4,"sellerId":null,"slug":"cremants","selected":false,"children":null,"layers":"\/navigation\/28382\/layers","link":"\/r\/boissons\/champagnes-petillants\/vins-petillants-mousseux\/cremants"},{"name":"Saumur et Vouvray","code":"R10F01SF03SS03","id":"28383","type":"RAYON","picto":null,"level":4,"sellerId":null,"slug":"saumur-vouvray","selected":false,"children":null,"layers":"\/navigation\/28383\/layers","link":"\/r\/boissons\/champagnes-petillants\/vins-petillants-mousseux\/saumur-vouvray"},{"name":"Vins p\u00e9tillants \u00e9trangers","code":"R10F01SF03SS04","id":"28384","type":"RAYON","picto":null,"level":4,"sellerId":null,"slug":"vins-petillants-etrangers","selected":false,"children":null,"layers":"\/navigation\/28384\/layers","link":"\/r\/boissons\/champagnes-petillants\/vins-petillants-mousseux\/vins-petillants-etrangers"}],"layers":"\/navigation\/27110\/layers","link":"\/r\/boissons\/champagnes-petillants\/vins-petillants-mousseux"},{"name":"Coffrets champagnes","code":"R10F01SF04","id":"28799","type":"RAYON","picto":null,"level":3,"sellerId":null,"slug":"coffrets-champagnes","selected":false,"children":null,"layers":"\/navigation\/28799\/layers","link":"\/r\/boissons\/champagnes-petillants\/coffrets-champagnes"}],"layers":"\/navigation\/27075\/layers","link":"\/r\/boissons\/champagnes-petillants"},{"name":"Cave \u00e0 vins","code":"R10F02","id":"27074","type":"RAYON","picto":null,"level":2,"sellerId":null,"slug":"cave-a-vins","selected":false,"children":[{"name":"Vins rouges","code":"R10F02SF01","id":"27105","type":"RAYON","picto":null,"level":3,"sellerId":null,"slug":"vins-rouges","selected":false,"children":[{"name":"Bordeaux","code":"R10F02SF01SS01","id":"27141","type":"RAYON","picto":null,"level":4,"sellerId":null,"slug":"bordeaux","selected":false,"children":null,"layers":"\/navigation\/27141\/layers","link":"\/r\/boissons\/cave-a-vins\/vins-rouges\/bordeaux"},{"name":"Vall\u00e9e du Rh\u00f4ne","code":"R10F02SF01SS02","id":"27142","type":"RAYON","picto":null,"level":4,"sellerId":null,"slug":"vallee-du-rhone","selected":false,"children":null,"layers":"\/navigation\/27142\/layers","link":"\/r\/boissons\/cave-a-vins\/vins-rouges\/vallee-du-rhone"},{"name":"Languedoc-Roussillon","code":"R10F02SF01SS03","id":"27143","type":"RAYON","picto":null,"level":4,"sellerId":null,"slug":"languedoc-roussillon","selected":false,"children":null,"layers":"\/navigation\/27143\/layers","link":"\/r\/boissons\/cave-a-vins\/vins-rouges\/languedoc-roussillon"},{"name":"Bourgogne","code":"R10F02SF01SS04","id":"27144","type":"RAYON","picto":null,"level":4,"sellerId":null,"slug":"bourgogne","selected":false,"children":null,"layers":"\/navigation\/27144\/layers","link":"\/r\/boissons\/cave-a-vins\/vins-rouges\/bourgogne"},{"name":"Sud-Ouest","code":"R10F02SF01SS05","id":"27145","type":"RAYON","picto":null,"level":4,"sellerId":null,"slug":"sud-ouest","selected":false,"children":null,"layers":"\/navigation\/27145\/layers","link":"\/r\/boissons\/cave-a-vins\/vins-rouges\/sud-ouest"},{"name":"Val de Loire","code":"R10F02SF01SS06","id":"27147","type":"RAYON","picto":null,"level":4,"sellerId":null,"slug":"val-de-loire","selected":false,"children":null,"layers":"\/navigation\/27147\/layers","link":"\/r\/boissons\/cave-a-vins\/vins-rouges\/val-de-loire"},{"name":"Provence et Corse","code":"R10F02SF01SS07","id":"27148","type":"RAYON","picto":null,"level":4,"sellerId":null,"slug":"provence-corse","selected":false,"children":null,"layers":"\/navigation\/27148\/layers","link":"\/r\/boissons\/cave-a-vins\/vins-rouges\/provence-corse"},{"name":"Autres r\u00e9gions","code":"R10F02SF01SS08","id":"27149","type":"RAYON","picto":null,"level":4,"sellerId":null,"slug":"autres-regions","selected":false,"children":null,"layers":"\/navigation\/27149\/layers","link":"\/r\/boissons\/cave-a-vins\/vins-rouges\/autres-regions"},{"name":"Beaujolais","code":"R10F02SF01SS09","id":"27146","type":"RAYON","picto":null,"level":4,"sellerId":null,"slug":"beaujolais","selected":false,"children":null,"layers":"\/navigation\/27146\/layers","link":"\/r\/boissons\/cave-a-vins\/vins-rouges\/beaujolais"},{"name":"Vins de pays et Vins de table rouge","code":"R10F02SF01SS10","id":"27150","type":"RAYON","picto":null,"level":4,"sellerId":null,"slug":"vins-de-pays-vins-de-table-rouge","selected":false,"children":null,"layers":"\/navigation\/27150\/layers","link":"\/r\/boissons\/cave-a-vins\/vins-rouges\/vins-de-pays-vins-de-table-rouge"}],"layers":"\/navigation\/27105\/layers","link":"\/r\/boissons\/cave-a-vins\/vins-rouges"},{"name":"Vins blancs","code":"R10F02SF02","id":"27106","type":"RAYON","picto":null,"level":3,"sellerId":null,"slug":"vins-blancs","selected":false,"children":[{"name":"Bourgogne","code":"R10F02SF02SS01","id":"27151","type":"RAYON","picto":null,"level":4,"sellerId":null,"slug":"bourgogne","selected":false,"children":null,"layers":"\/navigation\/27151\/layers","link":"\/r\/boissons\/cave-a-vins\/vins-blancs\/bourgogne"},{"name":"Alsace","code":"R10F02SF02SS02","id":"27152","type":"RAYON","picto":null,"level":4,"sellerId":null,"slug":"alsace","selected":false,"children":null,"layers":"\/navigation\/27152\/layers","link":"\/r\/boissons\/cave-a-vins\/vins-blancs\/alsace"},{"name":"Val de Loire","code":"R10F02SF02SS03","id":"27153","type":"RAYON","picto":null,"level":4,"sellerId":null,"slug":"val-de-loire","selected":false,"children":null,"layers":"\/navigation\/27153\/layers","link":"\/r\/boissons\/cave-a-vins\/vins-blancs\/val-de-loire"},{"name":"Bordeaux","code":"R10F02SF02SS04","id":"27154","type":"RAYON","picto":null,"level":4,"sellerId":null,"slug":"bordeaux","selected":false,"children":null,"layers":"\/navigation\/27154\/layers","link":"\/r\/boissons\/cave-a-vins\/vins-blancs\/bordeaux"},{"name":"Languedoc-Roussillon","code":"R10F02SF02SS05","id":"27155","type":"RAYON","picto":null,"level":4,"sellerId":null,"slug":"languedoc-roussillon","selected":false,"children":null,"layers":"\/navigation\/27155\/layers","link":"\/r\/boissons\/cave-a-vins\/vins-blancs\/languedoc-roussillon"},{"name":"Sud-Ouest","code":"R10F02SF02SS06","id":"27156","type":"RAYON","picto":null,"level":4,"sellerId":null,"slug":"sud-ouest","selected":false,"children":null,"layers":"\/navigation\/27156\/layers","link":"\/r\/boissons\/cave-a-vins\/vins-blancs\/sud-ouest"},{"name":"Vall\u00e9e du Rh\u00f4ne","code":"R10F02SF02SS07","id":"27157","type":"RAYON","picto":null,"level":4,"sellerId":null,"slug":"vallee-du-rhone","selected":false,"children":null,"layers":"\/navigation\/27157\/layers","link":"\/r\/boissons\/cave-a-vins\/vins-blancs\/vallee-du-rhone"},{"name":"Provence et Corse","code":"R10F02SF02SS08","id":"27158","type":"RAYON","picto":null,"level":4,"sellerId":null,"slug":"provence-corse","selected":false,"children":null,"layers":"\/navigation\/27158\/layers","link":"\/r\/boissons\/cave-a-vins\/vins-blancs\/provence-corse"},{"name":"Autres r\u00e9gions","code":"R10F02SF02SS09","id":"27159","type":"RAYON","picto":null,"level":4,"sellerId":null,"slug":"autres-regions","selected":false,"children":null,"layers":"\/navigation\/27159\/layers","link":"\/r\/boissons\/cave-a-vins\/vins-blancs\/autres-regions"},{"name":"Vins de pays et Vins de table blanc","code":"R10F02SF02SS10","id":"27160","type":"RAYON","picto":null,"level":4,"sellerId":null,"slug":"vins-de-pays-vins-de-table-blanc","selected":false,"children":null,"layers":"\/navigation\/27160\/layers","link":"\/r\/boissons\/cave-a-vins\/vins-blancs\/vins-de-pays-vins-de-table-blanc"}],"layers":"\/navigation\/27106\/layers","link":"\/r\/boissons\/cave-a-vins\/vins-blancs"},{"name":"Vins ros\u00e9s","code":"R10F02SF03","id":"27107","type":"RAYON","picto":null,"level":3,"sellerId":null,"slug":"vins-roses","selected":false,"children":[{"name":"Provence","code":"R10F02SF03SS01","id":"28272","type":"RAYON","picto":null,"level":4,"sellerId":null,"slug":"provence","selected":false,"children":null,"layers":"\/navigation\/28272\/layers","link":"\/r\/boissons\/cave-a-vins\/vins-roses\/provence"},{"name":"Corse","code":"R10F02SF03SS02","id":"28273","type":"RAYON","picto":null,"level":4,"sellerId":null,"slug":"corse","selected":false,"children":null,"layers":"\/navigation\/28273\/layers","link":"\/r\/boissons\/cave-a-vins\/vins-roses\/corse"},{"name":"Languedoc-Roussillon","code":"R10F02SF03SS03","id":"27162","type":"RAYON","picto":null,"level":4,"sellerId":null,"slug":"languedoc-roussillon","selected":false,"children":null,"layers":"\/navigation\/27162\/layers","link":"\/r\/boissons\/cave-a-vins\/vins-roses\/languedoc-roussillon"},{"name":"Val de Loire","code":"R10F02SF03SS04","id":"27163","type":"RAYON","picto":null,"level":4,"sellerId":null,"slug":"val-de-loire","selected":false,"children":null,"layers":"\/navigation\/27163\/layers","link":"\/r\/boissons\/cave-a-vins\/vins-roses\/val-de-loire"},{"name":"Autres r\u00e9gions","code":"R10F02SF03SS05","id":"27164","type":"RAYON","picto":null,"level":4,"sellerId":null,"slug":"autres-regions","selected":false,"children":null,"layers":"\/navigation\/27164\/layers","link":"\/r\/boissons\/cave-a-vins\/vins-roses\/autres-regions"},{"name":"Vins de pays et Vins de table ros\u00e9","code":"R10F02SF03SS06","id":"27165","type":"RAYON","picto":null,"level":4,"sellerId":null,"slug":"vins-de-pays-vins-de-table-rose","selected":false,"children":null,"layers":"\/navigation\/27165\/layers","link":"\/r\/boissons\/cave-a-vins\/vins-roses\/vins-de-pays-vins-de-table-rose"}],"layers":"\/navigation\/27107\/layers","link":"\/r\/boissons\/cave-a-vins\/vins-roses"},{"name":"Vins \u00e9trangers","code":"R10F02SF04","id":"27139","type":"RAYON","picto":null,"level":3,"sellerId":null,"slug":"vins-etrangers","selected":false,"children":null,"layers":"\/navigation\/27139\/layers","link":"\/r\/boissons\/cave-a-vins\/vins-etrangers"},{"name":"Fontaines \u00e0 vins","code":"R10F02SF05","id":"27140","type":"RAYON","picto":null,"level":3,"sellerId":null,"slug":"fontaines-vins","selected":false,"children":null,"layers":"\/navigation\/27140\/layers","link":"\/r\/boissons\/cave-a-vins\/fontaines-vins"}],"layers":"\/navigation\/27074\/layers","link":"\/r\/boissons\/cave-a-vins"},{"name":"Bi\u00e8res et Cidres","code":"R10F03","id":"27076","type":"RAYON","picto":null,"level":2,"sellerId":null,"slug":"bieres-cidres","selected":false,"children":[{"name":"Coffrets bi\u00e8res et Calendriers de l'avent ","code":"R10F03SF01","id":"27117","type":"RAYON","picto":null,"level":3,"sellerId":null,"slug":"coffrets-bieres","selected":false,"children":[{"name":"Coffrets bi\u00e8res","code":"R10F03SF01SS01","id":"28387","type":"RAYON","picto":null,"level":4,"sellerId":null,"slug":"coffrets-bieres","selected":false,"children":null,"layers":"\/navigation\/28387\/layers","link":"\/r\/boissons\/bieres-cidres\/coffrets-bieres\/coffrets-bieres"}],"layers":"\/navigation\/27117\/layers","link":"\/r\/boissons\/bieres-cidres\/coffrets-bieres"},{"name":"Cave \u00e0 bi\u00e8res","code":"R10F03SF02","id":"28118","type":"RAYON","picto":null,"level":3,"sellerId":null,"slug":"cave-a-bieres","selected":false,"children":null,"layers":"\/navigation\/28118\/layers","link":"\/r\/boissons\/bieres-cidres\/cave-a-bieres"},{"name":"Bi\u00e8res blondes","code":"R10F03SF03","id":"27112","type":"RAYON","picto":null,"level":3,"sellerId":null,"slug":"bieres-blondes","selected":false,"children":null,"layers":"\/navigation\/27112\/layers","link":"\/r\/boissons\/bieres-cidres\/bieres-blondes"},{"name":"Bi\u00e8res blanches","code":"R10F03SF04","id":"28386","type":"RAYON","picto":null,"level":3,"sellerId":null,"slug":"bieres-blanches","selected":false,"children":null,"layers":"\/navigation\/28386\/layers","link":"\/r\/boissons\/bieres-cidres\/bieres-blanches"},{"name":"Bi\u00e8res ar\u00f4matis\u00e9es","code":"R10F03SF05","id":"28385","type":"RAYON","picto":null,"level":3,"sellerId":null,"slug":"bieres-aromatisees","selected":false,"children":null,"layers":"\/navigation\/28385\/layers","link":"\/r\/boissons\/bieres-cidres\/bieres-aromatisees"},{"name":"Bi\u00e8res brunes et ambr\u00e9es","code":"R10F03SF06","id":"27114","type":"RAYON","picto":null,"level":3,"sellerId":null,"slug":"bieres-brunes-ambrees","selected":false,"children":null,"layers":"\/navigation\/27114\/layers","link":"\/r\/boissons\/bieres-cidres\/bieres-brunes-ambrees"},{"name":"Bi\u00e8res d'Abbaye","code":"R10F03SF07","id":"28117","type":"RAYON","picto":null,"level":3,"sellerId":null,"slug":"bieres-abbaye","selected":false,"children":null,"layers":"\/navigation\/28117\/layers","link":"\/r\/boissons\/bieres-cidres\/bieres-abbaye"},{"name":"Bi\u00e8res sans alcool et Panach\u00e9s","code":"R10F03SF08","id":"27115","type":"RAYON","picto":null,"level":3,"sellerId":null,"slug":"bieres-sans-alcool-panaches","selected":false,"children":null,"layers":"\/navigation\/27115\/layers","link":"\/r\/boissons\/bieres-cidres\/bieres-sans-alcool-panaches"},{"name":"Cidres","code":"R10F03SF09","id":"27116","type":"RAYON","picto":null,"level":3,"sellerId":null,"slug":"cidres","selected":false,"children":null,"layers":"\/navigation\/27116\/layers","link":"\/r\/boissons\/bieres-cidres\/cidres"},{"name":"Hard Seltzer","code":"R10F03SF10","id":"28611","type":"RAYON","picto":null,"level":3,"sellerId":null,"slug":"hard-seltzer","selected":false,"children":null,"layers":"\/navigation\/28611\/layers","link":"\/r\/boissons\/bieres-cidres\/hard-seltzer"}],"layers":"\/navigation\/27076\/layers","link":"\/r\/boissons\/bieres-cidres"},{"name":"Ap\u00e9ritifs et Spiritueux","code":"R10F04","id":"27077","type":"RAYON","picto":null,"level":2,"sellerId":null,"slug":"aperitifs-et-spiritueux","selected":false,"children":[{"name":"Pastis et Anis\u00e9s","code":"R10F04SF01","id":"27122","type":"RAYON","picto":null,"level":3,"sellerId":null,"slug":"pastis-anises","selected":false,"children":[{"name":"Pastis","code":"R10F04SF01SS01","id":"28389","type":"RAYON","picto":null,"level":4,"sellerId":null,"slug":"pastis","selected":false,"children":null,"layers":"\/navigation\/28389\/layers","link":"\/r\/boissons\/aperitifs-et-spiritueux\/pastis-anises\/pastis"},{"name":"Absinthes","code":"R10F04SF01SS02","id":"28390","type":"RAYON","picto":null,"level":4,"sellerId":null,"slug":"absinthes","selected":false,"children":null,"layers":"\/navigation\/28390\/layers","link":"\/r\/boissons\/aperitifs-et-spiritueux\/pastis-anises\/absinthes"},{"name":"Anisettes","code":"R10F04SF01SS03","id":"28391","type":"RAYON","picto":null,"level":4,"sellerId":null,"slug":"anisettes","selected":false,"children":null,"layers":"\/navigation\/28391\/layers","link":"\/r\/boissons\/aperitifs-et-spiritueux\/pastis-anises\/anisettes"},{"name":"Ouzo","code":"R10F04SF01SS04","id":"28392","type":"RAYON","picto":null,"level":4,"sellerId":null,"slug":"ouzo","selected":false,"children":null,"layers":"\/navigation\/28392\/layers","link":"\/r\/boissons\/aperitifs-et-spiritueux\/pastis-anises\/ouzo"}],"layers":"\/navigation\/27122\/layers","link":"\/r\/boissons\/aperitifs-et-spiritueux\/pastis-anises"},{"name":"Rhums","code":"R10F04SF02","id":"27123","type":"RAYON","picto":null,"level":3,"sellerId":null,"slug":"rhums","selected":false,"children":[{"name":"Rhums blancs","code":"R10F04SF02SS01","id":"27129","type":"RAYON","picto":null,"level":4,"sellerId":null,"slug":"rhums-blancs","selected":false,"children":null,"layers":"\/navigation\/27129\/layers","link":"\/r\/boissons\/aperitifs-et-spiritueux\/rhums\/rhums-blancs"},{"name":"Rhums ambr\u00e9s","code":"R10F04SF02SS02","id":"27130","type":"RAYON","picto":null,"level":4,"sellerId":null,"slug":"rhums-ambres","selected":false,"children":null,"layers":"\/navigation\/27130\/layers","link":"\/r\/boissons\/aperitifs-et-spiritueux\/rhums\/rhums-ambres"},{"name":"Rhums arrang\u00e9s et \u00e9pic\u00e9s","code":"R10F04SF02SS03","id":"27131","type":"RAYON","picto":null,"level":4,"sellerId":null,"slug":"rhums-arranges-epices","selected":false,"children":null,"layers":"\/navigation\/27131\/layers","link":"\/r\/boissons\/aperitifs-et-spiritueux\/rhums\/rhums-arranges-epices"}],"layers":"\/navigation\/27123\/layers","link":"\/r\/boissons\/aperitifs-et-spiritueux\/rhums"},{"name":"Vodka","code":"R10F04SF03","id":"27132","type":"RAYON","picto":null,"level":3,"sellerId":null,"slug":"vodka","selected":false,"children":null,"layers":"\/navigation\/27132\/layers","link":"\/r\/boissons\/aperitifs-et-spiritueux\/vodka"},{"name":"Gins et Tequila","code":"R10F04SF04","id":"28398","type":"RAYON","picto":null,"level":3,"sellerId":null,"slug":"gins-tequila","selected":false,"children":[{"name":"Gin","code":"R10F04SF04SS01","id":"27133","type":"RAYON","picto":null,"level":4,"sellerId":null,"slug":"gin","selected":false,"children":null,"layers":"\/navigation\/27133\/layers","link":"\/r\/boissons\/aperitifs-et-spiritueux\/gins-tequila\/gin"},{"name":"Tequila","code":"R10F04SF04SS02","id":"27134","type":"RAYON","picto":null,"level":4,"sellerId":null,"slug":"tequila","selected":false,"children":null,"layers":"\/navigation\/27134\/layers","link":"\/r\/boissons\/aperitifs-et-spiritueux\/gins-tequila\/tequila"}],"layers":"\/navigation\/28398\/layers","link":"\/r\/boissons\/aperitifs-et-spiritueux\/gins-tequila"},{"name":"Vin doux, Portos et Amers","code":"R10F04SF05","id":"27128","type":"RAYON","picto":null,"level":3,"sellerId":null,"slug":"vin-doux-portos-amers","selected":false,"children":[{"name":"Vins doux","code":"R10F04SF05SS01","id":"27135","type":"RAYON","picto":null,"level":4,"sellerId":null,"slug":"vins-doux","selected":false,"children":null,"layers":"\/navigation\/27135\/layers","link":"\/r\/boissons\/aperitifs-et-spiritueux\/vin-doux-portos-amers\/vins-doux"},{"name":"Portos","code":"R10F04SF05SS02","id":"27136","type":"RAYON","picto":null,"level":4,"sellerId":null,"slug":"portos","selected":false,"children":null,"layers":"\/navigation\/27136\/layers","link":"\/r\/boissons\/aperitifs-et-spiritueux\/vin-doux-portos-amers\/portos"},{"name":"Amers","code":"R10F04SF05SS03","id":"27137","type":"RAYON","picto":null,"level":4,"sellerId":null,"slug":"amers","selected":false,"children":null,"layers":"\/navigation\/27137\/layers","link":"\/r\/boissons\/aperitifs-et-spiritueux\/vin-doux-portos-amers\/amers"}],"layers":"\/navigation\/27128\/layers","link":"\/r\/boissons\/aperitifs-et-spiritueux\/vin-doux-portos-amers"},{"name":"Whisky","code":"R10F04SF06","id":"27169","type":"RAYON","picto":null,"level":3,"sellerId":null,"slug":"whisky","selected":false,"children":[{"name":"Blended whisky","code":"R10F04SF06SS01","id":"27170","type":"RAYON","picto":null,"level":4,"sellerId":null,"slug":"blended-whisky","selected":false,"children":null,"layers":"\/navigation\/27170\/layers","link":"\/r\/boissons\/aperitifs-et-spiritueux\/whisky\/blended-whisky"},{"name":"Whisky bourbon","code":"R10F04SF06SS02","id":"27171","type":"RAYON","picto":null,"level":4,"sellerId":null,"slug":"whisky-bourbon","selected":false,"children":null,"layers":"\/navigation\/27171\/layers","link":"\/r\/boissons\/aperitifs-et-spiritueux\/whisky\/whisky-bourbon"},{"name":"Whisky single malt","code":"R10F04SF06SS03","id":"27180","type":"RAYON","picto":null,"level":4,"sellerId":null,"slug":"whisky-single-malt","selected":false,"children":null,"layers":"\/navigation\/27180\/layers","link":"\/r\/boissons\/aperitifs-et-spiritueux\/whisky\/whisky-single-malt"}],"layers":"\/navigation\/27169\/layers","link":"\/r\/boissons\/aperitifs-et-spiritueux\/whisky"},{"name":"Liqueurs et Digestifs","code":"R10F04SF07","id":"27126","type":"RAYON","picto":null,"level":3,"sellerId":null,"slug":"liqueurs-digestifs","selected":false,"children":[{"name":"Cognacs et Armagnacs","code":"R10F04SF07SS01","id":"28393","type":"RAYON","picto":null,"level":4,"sellerId":null,"slug":"cognacs-armagnacs","selected":false,"children":null,"layers":"\/navigation\/28393\/layers","link":"\/r\/boissons\/aperitifs-et-spiritueux\/liqueurs-digestifs\/cognacs-armagnacs"},{"name":"Eaux de vie","code":"R10F04SF07SS02","id":"28394","type":"RAYON","picto":null,"level":4,"sellerId":null,"slug":"eaux-vie","selected":false,"children":null,"layers":"\/navigation\/28394\/layers","link":"\/r\/boissons\/aperitifs-et-spiritueux\/liqueurs-digestifs\/eaux-vie"},{"name":"Cr\u00e8mes de fruits","code":"R10F04SF07SS03","id":"28395","type":"RAYON","picto":null,"level":4,"sellerId":null,"slug":"cremes-fruits","selected":false,"children":null,"layers":"\/navigation\/28395\/layers","link":"\/r\/boissons\/aperitifs-et-spiritueux\/liqueurs-digestifs\/cremes-fruits"},{"name":"Liqueurs","code":"R10F04SF07SS04","id":"28396","type":"RAYON","picto":null,"level":4,"sellerId":null,"slug":"liqueurs","selected":false,"children":null,"layers":"\/navigation\/28396\/layers","link":"\/r\/boissons\/aperitifs-et-spiritueux\/liqueurs-digestifs\/liqueurs"}],"layers":"\/navigation\/27126\/layers","link":"\/r\/boissons\/aperitifs-et-spiritueux\/liqueurs-digestifs"},{"name":"Punch et Cocktails","code":"R10F04SF08","id":"27125","type":"RAYON","picto":null,"level":3,"sellerId":null,"slug":"punch-cocktails","selected":false,"children":null,"layers":"\/navigation\/27125\/layers","link":"\/r\/boissons\/aperitifs-et-spiritueux\/punch-cocktails"},{"name":"Ap\u00e9ritifs sans alcool","code":"R10F04SF09","id":"27127","type":"RAYON","picto":null,"level":3,"sellerId":null,"slug":"aperitifs-sans-alcool","selected":false,"children":null,"layers":"\/navigation\/27127\/layers","link":"\/r\/boissons\/aperitifs-et-spiritueux\/aperitifs-sans-alcool"}],"layers":"\/navigation\/27077\/layers","link":"\/r\/boissons\/aperitifs-et-spiritueux"},{"name":"Eaux","code":"R10F05","id":"27071","type":"RAYON","picto":null,"level":2,"sellerId":null,"slug":"eaux","selected":false,"children":[{"name":"Eaux plates","code":"R10F05SF01","id":"27078","type":"RAYON","picto":null,"level":3,"sellerId":null,"slug":"eaux-plates","selected":false,"children":null,"layers":"\/navigation\/27078\/layers","link":"\/r\/boissons\/eaux\/eaux-plates"},{"name":"Eaux gazeuses","code":"R10F05SF02","id":"27079","type":"RAYON","picto":null,"level":3,"sellerId":null,"slug":"eaux-gazeuses","selected":false,"children":null,"layers":"\/navigation\/27079\/layers","link":"\/r\/boissons\/eaux\/eaux-gazeuses"},{"name":"Eaux aromatis\u00e9es","code":"R10F05SF03","id":"27080","type":"RAYON","picto":null,"level":3,"sellerId":null,"slug":"eaux-aromatisees","selected":false,"children":[{"name":"Eaux plates aromatis\u00e9es","code":"R10F05SF03SS01","id":"28264","type":"RAYON","picto":null,"level":4,"sellerId":null,"slug":"eaux-plates-aromatisees","selected":false,"children":null,"layers":"\/navigation\/28264\/layers","link":"\/r\/boissons\/eaux\/eaux-aromatisees\/eaux-plates-aromatisees"},{"name":"Eaux gazeuses aromatis\u00e9es ","code":"R10F05SF03SS02","id":"28265","type":"RAYON","picto":null,"level":4,"sellerId":null,"slug":"eaux-gazeuses-aromatisees","selected":false,"children":null,"layers":"\/navigation\/28265\/layers","link":"\/r\/boissons\/eaux\/eaux-aromatisees\/eaux-gazeuses-aromatisees"}],"layers":"\/navigation\/27080\/layers","link":"\/r\/boissons\/eaux\/eaux-aromatisees"}],"layers":"\/navigation\/27071\/layers","link":"\/r\/boissons\/eaux"},{"name":"Jus de fruits et L\u00e9gumes","code":"R10F06","id":"27072","type":"RAYON","picto":null,"level":2,"sellerId":null,"slug":"jus-fruits-legumes","selected":false,"children":[{"name":"Jus d'orange et Agrumes","code":"R10F06SF01","id":"27083","type":"RAYON","picto":null,"level":3,"sellerId":null,"slug":"jus-orange-agrumes","selected":false,"children":[{"name":"Jus d'orange","code":"R10F06SF01SS01","id":"27084","type":"RAYON","picto":null,"level":4,"sellerId":null,"slug":"jus-orange","selected":false,"children":null,"layers":"\/navigation\/27084\/layers","link":"\/r\/boissons\/jus-fruits-legumes\/jus-orange-agrumes\/jus-orange"},{"name":"Jus de pamplemousse","code":"R10F06SF01SS02","id":"27085","type":"RAYON","picto":null,"level":4,"sellerId":null,"slug":"jus-pamplemousse","selected":false,"children":null,"layers":"\/navigation\/27085\/layers","link":"\/r\/boissons\/jus-fruits-legumes\/jus-orange-agrumes\/jus-pamplemousse"},{"name":"Jus de citron","code":"R10F06SF01SS03","id":"28271","type":"RAYON","picto":null,"level":4,"sellerId":null,"slug":"jus-citron","selected":false,"children":null,"layers":"\/navigation\/28271\/layers","link":"\/r\/boissons\/jus-fruits-legumes\/jus-orange-agrumes\/jus-citron"},{"name":"Autres agrumes","code":"R10F06SF01SS04","id":"27086","type":"RAYON","picto":null,"level":4,"sellerId":null,"slug":"autres-agrumes","selected":false,"children":null,"layers":"\/navigation\/27086\/layers","link":"\/r\/boissons\/jus-fruits-legumes\/jus-orange-agrumes\/autres-agrumes"}],"layers":"\/navigation\/27083\/layers","link":"\/r\/boissons\/jus-fruits-legumes\/jus-orange-agrumes"},{"name":"Jus multifruits et Multivitamin\u00e9s","code":"R10F06SF02","id":"27096","type":"RAYON","picto":null,"level":3,"sellerId":null,"slug":"jus-multifruits-multivitamines","selected":false,"children":null,"layers":"\/navigation\/27096\/layers","link":"\/r\/boissons\/jus-fruits-legumes\/jus-multifruits-multivitamines"},{"name":"Jus de pomme et Fruits du verger","code":"R10F06SF03","id":"27091","type":"RAYON","picto":null,"level":3,"sellerId":null,"slug":"jus-pomme-fruits-du-verger","selected":false,"children":[{"name":"Jus de pomme","code":"R10F06SF03SS01","id":"27092","type":"RAYON","picto":null,"level":4,"sellerId":null,"slug":"jus-pomme","selected":false,"children":null,"layers":"\/navigation\/27092\/layers","link":"\/r\/boissons\/jus-fruits-legumes\/jus-pomme-fruits-du-verger\/jus-pomme"},{"name":"Jus de raisin","code":"R10F06SF03SS02","id":"27093","type":"RAYON","picto":null,"level":4,"sellerId":null,"slug":"jus-raisin","selected":false,"children":null,"layers":"\/navigation\/27093\/layers","link":"\/r\/boissons\/jus-fruits-legumes\/jus-pomme-fruits-du-verger\/jus-raisin"},{"name":"Jus d'abricot","code":"R10F06SF03SS03","id":"28375","type":"RAYON","picto":null,"level":4,"sellerId":null,"slug":"jus-abricot","selected":false,"children":null,"layers":"\/navigation\/28375\/layers","link":"\/r\/boissons\/jus-fruits-legumes\/jus-pomme-fruits-du-verger\/jus-abricot"},{"name":"Jus de poire","code":"R10F06SF03SS04","id":"28376","type":"RAYON","picto":null,"level":4,"sellerId":null,"slug":"jus-poire","selected":false,"children":null,"layers":"\/navigation\/28376\/layers","link":"\/r\/boissons\/jus-fruits-legumes\/jus-pomme-fruits-du-verger\/jus-poire"},{"name":"Jus de p\u00eache","code":"R10F06SF03SS05","id":"28377","type":"RAYON","picto":null,"level":4,"sellerId":null,"slug":"jus-peche","selected":false,"children":null,"layers":"\/navigation\/28377\/layers","link":"\/r\/boissons\/jus-fruits-legumes\/jus-pomme-fruits-du-verger\/jus-peche"},{"name":"Jus de fraise","code":"R10F06SF03SS06","id":"28378","type":"RAYON","picto":null,"level":4,"sellerId":null,"slug":"jus-fraise","selected":false,"children":null,"layers":"\/navigation\/28378\/layers","link":"\/r\/boissons\/jus-fruits-legumes\/jus-pomme-fruits-du-verger\/jus-fraise"},{"name":"Autres fruits du verger","code":"R10F06SF03SS07","id":"27094","type":"RAYON","picto":null,"level":4,"sellerId":null,"slug":"autres-fruits-du-verger","selected":false,"children":null,"layers":"\/navigation\/27094\/layers","link":"\/r\/boissons\/jus-fruits-legumes\/jus-pomme-fruits-du-verger\/autres-fruits-du-verger"}],"layers":"\/navigation\/27091\/layers","link":"\/r\/boissons\/jus-fruits-legumes\/jus-pomme-fruits-du-verger"},{"name":"Jus d'Ananas et Fruits exotiques","code":"R10F06SF04","id":"27087","type":"RAYON","picto":null,"level":3,"sellerId":null,"slug":"jus-ananas-fruits-exotiques","selected":false,"children":[{"name":"Jus d'ananas","code":"R10F06SF04SS01","id":"27088","type":"RAYON","picto":null,"level":4,"sellerId":null,"slug":"jus-ananas","selected":false,"children":null,"layers":"\/navigation\/27088\/layers","link":"\/r\/boissons\/jus-fruits-legumes\/jus-ananas-fruits-exotiques\/jus-ananas"},{"name":"Jus de mangue","code":"R10F06SF04SS02","id":"27089","type":"RAYON","picto":null,"level":4,"sellerId":null,"slug":"jus-mangue","selected":false,"children":null,"layers":"\/navigation\/27089\/layers","link":"\/r\/boissons\/jus-fruits-legumes\/jus-ananas-fruits-exotiques\/jus-mangue"},{"name":"Jus de banane","code":"R10F06SF04SS03","id":"28379","type":"RAYON","picto":null,"level":4,"sellerId":null,"slug":"jus-banane","selected":false,"children":null,"layers":"\/navigation\/28379\/layers","link":"\/r\/boissons\/jus-fruits-legumes\/jus-ananas-fruits-exotiques\/jus-banane"},{"name":"Jus de goyave","code":"R10F06SF04SS04","id":"28380","type":"RAYON","picto":null,"level":4,"sellerId":null,"slug":"jus-goyave","selected":false,"children":null,"layers":"\/navigation\/28380\/layers","link":"\/r\/boissons\/jus-fruits-legumes\/jus-ananas-fruits-exotiques\/jus-goyave"},{"name":"Autres fruits exotiques","code":"R10F06SF04SS05","id":"27090","type":"RAYON","picto":null,"level":4,"sellerId":null,"slug":"autres-fruits-exotiques","selected":false,"children":null,"layers":"\/navigation\/27090\/layers","link":"\/r\/boissons\/jus-fruits-legumes\/jus-ananas-fruits-exotiques\/autres-fruits-exotiques"}],"layers":"\/navigation\/27087\/layers","link":"\/r\/boissons\/jus-fruits-legumes\/jus-ananas-fruits-exotiques"},{"name":"Jus formats pockets","code":"R10F06SF05","id":"27095","type":"RAYON","picto":null,"level":3,"sellerId":null,"slug":"jus-formats-pockets","selected":false,"children":null,"layers":"\/navigation\/27095\/layers","link":"\/r\/boissons\/jus-fruits-legumes\/jus-formats-pockets"},{"name":"Jus bien-\u00eatre et Detox","code":"R10F06SF06","id":"28266","type":"RAYON","picto":null,"level":3,"sellerId":null,"slug":"jus-bien-etre-detox","selected":false,"children":null,"layers":"\/navigation\/28266\/layers","link":"\/r\/boissons\/jus-fruits-legumes\/jus-bien-etre-detox"},{"name":"Jus de l\u00e9gumes","code":"R10F06SF07","id":"28267","type":"RAYON","picto":null,"level":3,"sellerId":null,"slug":"jus-legumes","selected":false,"children":null,"layers":"\/navigation\/28267\/layers","link":"\/r\/boissons\/jus-fruits-legumes\/jus-legumes"}],"layers":"\/navigation\/27072\/layers","link":"\/r\/boissons\/jus-fruits-legumes"},{"name":"Colas, Th\u00e9s glac\u00e9s et Softs","code":"R10F07","id":"27073","type":"RAYON","picto":null,"level":2,"sellerId":null,"slug":"colas-thes-glaces-et-soft-drinks","selected":false,"children":[{"name":"Colas","code":"R10F07SF01","id":"27098","type":"RAYON","picto":null,"level":3,"sellerId":null,"slug":"colas","selected":false,"children":null,"layers":"\/navigation\/27098\/layers","link":"\/r\/boissons\/colas-thes-glaces-et-soft-drinks\/colas"},{"name":"Th\u00e9s et Infusions glac\u00e9s","code":"R10F07SF02","id":"27099","type":"RAYON","picto":null,"level":3,"sellerId":null,"slug":"thes-infusions-glaces","selected":false,"children":null,"layers":"\/navigation\/27099\/layers","link":"\/r\/boissons\/colas-thes-glaces-et-soft-drinks\/thes-infusions-glaces"},{"name":"Citronnades et Boissons bien-\u00eatre","code":"R10F07SF03","id":"27100","type":"RAYON","picto":null,"level":3,"sellerId":null,"slug":"citronnades-boissons-bien-etre","selected":false,"children":null,"layers":"\/navigation\/27100\/layers","link":"\/r\/boissons\/colas-thes-glaces-et-soft-drinks\/citronnades-boissons-bien-etre"},{"name":"Limonades, Limes et Tonics","code":"R10F07SF04","id":"27101","type":"RAYON","picto":null,"level":3,"sellerId":null,"slug":"limonades-limes-tonics","selected":false,"children":null,"layers":"\/navigation\/27101\/layers","link":"\/r\/boissons\/colas-thes-glaces-et-soft-drinks\/limonades-limes-tonics"},{"name":"Boissons plates aux fruits","code":"R10F07SF05","id":"27102","type":"RAYON","picto":null,"level":3,"sellerId":null,"slug":"boissons-plates-aux-fruits","selected":false,"children":null,"layers":"\/navigation\/27102\/layers","link":"\/r\/boissons\/colas-thes-glaces-et-soft-drinks\/boissons-plates-aux-fruits"},{"name":"Boissons gazeuses aux fruits","code":"R10F07SF06","id":"27103","type":"RAYON","picto":null,"level":3,"sellerId":null,"slug":"boissons-gazeuses-aux-fruits","selected":false,"children":null,"layers":"\/navigation\/27103\/layers","link":"\/r\/boissons\/colas-thes-glaces-et-soft-drinks\/boissons-gazeuses-aux-fruits"},{"name":"Pockets enfants","code":"R10F07SF07","id":"27104","type":"RAYON","picto":null,"level":3,"sellerId":null,"slug":"pockets-enfants","selected":false,"children":null,"layers":"\/navigation\/27104\/layers","link":"\/r\/boissons\/colas-thes-glaces-et-soft-drinks\/pockets-enfants"},{"name":"Boissons \u00e9nergisantes et Sport","code":"R10F07SF08","id":"27173","type":"RAYON","picto":null,"level":3,"sellerId":null,"slug":"boissons-energisantes-sport","selected":false,"children":null,"layers":"\/navigation\/27173\/layers","link":"\/r\/boissons\/colas-thes-glaces-et-soft-drinks\/boissons-energisantes-sport"},{"name":"Sirops et Concentr\u00e9s","code":"R10F07SF09","id":"27174","type":"RAYON","picto":null,"level":3,"sellerId":null,"slug":"sirops-concentres","selected":false,"children":[{"name":"Sirops","code":"R10F07SF09SS01","id":"27175","type":"RAYON","picto":null,"level":4,"sellerId":null,"slug":"sirops","selected":false,"children":null,"layers":"\/navigation\/27175\/layers","link":"\/r\/boissons\/colas-thes-glaces-et-soft-drinks\/sirops-concentres\/sirops"},{"name":"Concentr\u00e9s","code":"R10F07SF09SS02","id":"27176","type":"RAYON","picto":null,"level":4,"sellerId":null,"slug":"concentres","selected":false,"children":null,"layers":"\/navigation\/27176\/layers","link":"\/r\/boissons\/colas-thes-glaces-et-soft-drinks\/sirops-concentres\/concentres"}],"layers":"\/navigation\/27174\/layers","link":"\/r\/boissons\/colas-thes-glaces-et-soft-drinks\/sirops-concentres"}],"layers":"\/navigation\/27073\/layers","link":"\/r\/boissons\/colas-thes-glaces-et-soft-drinks"}],"layers":"\/navigation\/27070\/layers","link":"\/r\/boissons"},{"name":"Produits du terroir","code":"R11","id":"3887","type":"RAYON","picto":"https:\/\/media.carrefour.fr\/medias\/33346cf943d538b0a96c0a06fe519436\/p_96x96\/3887.jpg","level":1,"sellerId":null,"slug":"produits-du-terroir","selected":false,"children":[{"name":"Alsace Lorraine","code":"R11F01","id":"3917","type":"RAYON","picto":null,"level":2,"sellerId":null,"slug":"alsace-lorraine","selected":false,"children":[{"name":"Epicerie","code":"R11F01SF01","id":"3919","type":"RAYON","picto":null,"level":3,"sellerId":null,"slug":"epicerie","selected":false,"children":null,"layers":"\/navigation\/3919\/layers","link":"\/r\/produits-du-terroir\/alsace-lorraine\/epicerie"},{"name":"Produits frais","code":"R11F01SF02","id":"25640","type":"RAYON","picto":null,"level":3,"sellerId":null,"slug":"alsace-lorraine-produits-frais","selected":false,"children":null,"layers":"\/navigation\/25640\/layers","link":"\/r\/produits-du-terroir\/alsace-lorraine\/alsace-lorraine-produits-frais"},{"name":"Boisson","code":"R11F01SF03","id":"3918","type":"RAYON","picto":null,"level":3,"sellerId":null,"slug":"boisson","selected":false,"children":null,"layers":"\/navigation\/3918\/layers","link":"\/r\/produits-du-terroir\/alsace-lorraine\/boisson"}],"layers":"\/navigation\/3917\/layers","link":"\/r\/produits-du-terroir\/alsace-lorraine"},{"name":"Aquitaine Midi Pyr\u00e9n\u00e9es","code":"R11F02","id":"3896","type":"RAYON","picto":null,"level":2,"sellerId":null,"slug":"aquitaine-midi-pyrenees","selected":false,"children":[{"name":"Epicerie","code":"R11F02SF01","id":"25637","type":"RAYON","picto":null,"level":3,"sellerId":null,"slug":"aquitaine-epicerie","selected":false,"children":null,"layers":"\/navigation\/25637\/layers","link":"\/r\/produits-du-terroir\/aquitaine-midi-pyrenees\/aquitaine-epicerie"},{"name":"Produits frais","code":"R11F02SF02","id":"3897","type":"RAYON","picto":null,"level":3,"sellerId":null,"slug":"produits-frais","selected":false,"children":null,"layers":"\/navigation\/3897\/layers","link":"\/r\/produits-du-terroir\/aquitaine-midi-pyrenees\/produits-frais"},{"name":"Boisson","code":"R11F02SF03","id":"3898","type":"RAYON","picto":null,"level":3,"sellerId":null,"slug":"boisson","selected":false,"children":null,"layers":"\/navigation\/3898\/layers","link":"\/r\/produits-du-terroir\/aquitaine-midi-pyrenees\/boisson"}],"layers":"\/navigation\/3896\/layers","link":"\/r\/produits-du-terroir\/aquitaine-midi-pyrenees"},{"name":"Auvergne Limousin","code":"R11F03","id":"3906","type":"RAYON","picto":null,"level":2,"sellerId":null,"slug":"auvergne-limousin","selected":false,"children":[{"name":"Epicerie","code":"R11F03SF01","id":"3907","type":"RAYON","picto":null,"level":3,"sellerId":null,"slug":"epicerie","selected":false,"children":null,"layers":"\/navigation\/3907\/layers","link":"\/r\/produits-du-terroir\/auvergne-limousin\/epicerie"},{"name":"Produits frais","code":"R11F03SF02","id":"3908","type":"RAYON","picto":null,"level":3,"sellerId":null,"slug":"produits-frais","selected":false,"children":null,"layers":"\/navigation\/3908\/layers","link":"\/r\/produits-du-terroir\/auvergne-limousin\/produits-frais"},{"name":"Boisson","code":"R11F03SF03","id":"3909","type":"RAYON","picto":null,"level":3,"sellerId":null,"slug":"boisson","selected":false,"children":null,"layers":"\/navigation\/3909\/layers","link":"\/r\/produits-du-terroir\/auvergne-limousin\/boisson"}],"layers":"\/navigation\/3906\/layers","link":"\/r\/produits-du-terroir\/auvergne-limousin"},{"name":"Bourgogne Champagne","code":"R11F04","id":"3899","type":"RAYON","picto":null,"level":2,"sellerId":null,"slug":"bourgogne-champagne","selected":false,"children":[{"name":"Epicerie","code":"R11F04SF01","id":"3900","type":"RAYON","picto":null,"level":3,"sellerId":null,"slug":"epicerie","selected":false,"children":null,"layers":"\/navigation\/3900\/layers","link":"\/r\/produits-du-terroir\/bourgogne-champagne\/epicerie"},{"name":"Produits frais","code":"R11F04SF02","id":"3901","type":"RAYON","picto":null,"level":3,"sellerId":null,"slug":"produits-frais","selected":false,"children":null,"layers":"\/navigation\/3901\/layers","link":"\/r\/produits-du-terroir\/bourgogne-champagne\/produits-frais"},{"name":"Boisson","code":"R11F04SF03","id":"25638","type":"RAYON","picto":null,"level":3,"sellerId":null,"slug":"bourgogne-boisson","selected":false,"children":null,"layers":"\/navigation\/25638\/layers","link":"\/r\/produits-du-terroir\/bourgogne-champagne\/bourgogne-boisson"}],"layers":"\/navigation\/3899\/layers","link":"\/r\/produits-du-terroir\/bourgogne-champagne"},{"name":"Bretagne Pays de Loire & Poitou","code":"R11F05","id":"3888","type":"RAYON","picto":null,"level":2,"sellerId":null,"slug":"bretagne-pays-de-loire-poitou","selected":false,"children":[{"name":"Epicerie","code":"R11F05SF01","id":"3891","type":"RAYON","picto":null,"level":3,"sellerId":null,"slug":"epicerie","selected":false,"children":null,"layers":"\/navigation\/3891\/layers","link":"\/r\/produits-du-terroir\/bretagne-pays-de-loire-poitou\/epicerie"},{"name":"Produits frais","code":"R11F05SF02","id":"3889","type":"RAYON","picto":null,"level":3,"sellerId":null,"slug":"produits-frais","selected":false,"children":null,"layers":"\/navigation\/3889\/layers","link":"\/r\/produits-du-terroir\/bretagne-pays-de-loire-poitou\/produits-frais"},{"name":"Boisson","code":"R11F05SF03","id":"3890","type":"RAYON","picto":null,"level":3,"sellerId":null,"slug":"boisson","selected":false,"children":null,"layers":"\/navigation\/3890\/layers","link":"\/r\/produits-du-terroir\/bretagne-pays-de-loire-poitou\/boisson"}],"layers":"\/navigation\/3888\/layers","link":"\/r\/produits-du-terroir\/bretagne-pays-de-loire-poitou"},{"name":"Centre Ile de France","code":"R11F06","id":"3914","type":"RAYON","picto":null,"level":2,"sellerId":null,"slug":"centre-ile-de-france","selected":false,"children":[{"name":"Epicerie","code":"R11F06SF01","id":"3915","type":"RAYON","picto":null,"level":3,"sellerId":null,"slug":"epicerie","selected":false,"children":null,"layers":"\/navigation\/3915\/layers","link":"\/r\/produits-du-terroir\/centre-ile-de-france\/epicerie"},{"name":"Produits frais","code":"R11F06SF02","id":"3916","type":"RAYON","picto":null,"level":3,"sellerId":null,"slug":"produits-frais","selected":false,"children":null,"layers":"\/navigation\/3916\/layers","link":"\/r\/produits-du-terroir\/centre-ile-de-france\/produits-frais"},{"name":"Boisson","code":"R11F06SF03","id":"25639","type":"RAYON","picto":null,"level":3,"sellerId":null,"slug":"centre-idf-boisson","selected":false,"children":null,"layers":"\/navigation\/25639\/layers","link":"\/r\/produits-du-terroir\/centre-ile-de-france\/centre-idf-boisson"}],"layers":"\/navigation\/3914\/layers","link":"\/r\/produits-du-terroir\/centre-ile-de-france"},{"name":"Corse","code":"R11F07","id":"3892","type":"RAYON","picto":null,"level":2,"sellerId":null,"slug":"corse","selected":false,"children":[{"name":"Epicerie","code":"R11F07SF01","id":"3895","type":"RAYON","picto":null,"level":3,"sellerId":null,"slug":"epicerie","selected":false,"children":null,"layers":"\/navigation\/3895\/layers","link":"\/r\/produits-du-terroir\/corse\/epicerie"},{"name":"Produits frais","code":"R11F07SF02","id":"3893","type":"RAYON","picto":null,"level":3,"sellerId":null,"slug":"produits-frais","selected":false,"children":null,"layers":"\/navigation\/3893\/layers","link":"\/r\/produits-du-terroir\/corse\/produits-frais"},{"name":"Boisson","code":"R11F07SF03","id":"3894","type":"RAYON","picto":null,"level":3,"sellerId":null,"slug":"boisson","selected":false,"children":null,"layers":"\/navigation\/3894\/layers","link":"\/r\/produits-du-terroir\/corse\/boisson"}],"layers":"\/navigation\/3892\/layers","link":"\/r\/produits-du-terroir\/corse"},{"name":"Languedoc PACA","code":"R11F08","id":"3910","type":"RAYON","picto":null,"level":2,"sellerId":null,"slug":"languedoc-paca","selected":false,"children":[{"name":"Epicerie","code":"R11F08SF01","id":"3911","type":"RAYON","picto":null,"level":3,"sellerId":null,"slug":"epicerie","selected":false,"children":null,"layers":"\/navigation\/3911\/layers","link":"\/r\/produits-du-terroir\/languedoc-paca\/epicerie"},{"name":"Produits frais","code":"R11F08SF02","id":"3912","type":"RAYON","picto":null,"level":3,"sellerId":null,"slug":"produits-frais","selected":false,"children":null,"layers":"\/navigation\/3912\/layers","link":"\/r\/produits-du-terroir\/languedoc-paca\/produits-frais"},{"name":"Boisson","code":"R11F08SF03","id":"3913","type":"RAYON","picto":null,"level":3,"sellerId":null,"slug":"boisson","selected":false,"children":null,"layers":"\/navigation\/3913\/layers","link":"\/r\/produits-du-terroir\/languedoc-paca\/boisson"}],"layers":"\/navigation\/3910\/layers","link":"\/r\/produits-du-terroir\/languedoc-paca"},{"name":"Nord Pas de Calais Picardie","code":"R11F09","id":"3920","type":"RAYON","picto":null,"level":2,"sellerId":null,"slug":"nord-pas-de-calais-picardie","selected":false,"children":[{"name":"Epicerie","code":"R11F09SF01","id":"3922","type":"RAYON","picto":null,"level":3,"sellerId":null,"slug":"epicerie","selected":false,"children":null,"layers":"\/navigation\/3922\/layers","link":"\/r\/produits-du-terroir\/nord-pas-de-calais-picardie\/epicerie"},{"name":"Produits frais","code":"R11F09SF02","id":"3921","type":"RAYON","picto":null,"level":3,"sellerId":null,"slug":"produits-frais","selected":false,"children":null,"layers":"\/navigation\/3921\/layers","link":"\/r\/produits-du-terroir\/nord-pas-de-calais-picardie\/produits-frais"},{"name":"Boisson","code":"R11F09SF03","id":"3923","type":"RAYON","picto":null,"level":3,"sellerId":null,"slug":"boisson","selected":false,"children":null,"layers":"\/navigation\/3923\/layers","link":"\/r\/produits-du-terroir\/nord-pas-de-calais-picardie\/boisson"}],"layers":"\/navigation\/3920\/layers","link":"\/r\/produits-du-terroir\/nord-pas-de-calais-picardie"},{"name":"Normandie","code":"R11F10","id":"3924","type":"RAYON","picto":null,"level":2,"sellerId":null,"slug":"normandie","selected":false,"children":[{"name":"Epicerie","code":"R11F10SF01","id":"3925","type":"RAYON","picto":null,"level":3,"sellerId":null,"slug":"epicerie","selected":false,"children":null,"layers":"\/navigation\/3925\/layers","link":"\/r\/produits-du-terroir\/normandie\/epicerie"},{"name":"Produits frais","code":"R11F10SF02","id":"3926","type":"RAYON","picto":null,"level":3,"sellerId":null,"slug":"produits-frais","selected":false,"children":null,"layers":"\/navigation\/3926\/layers","link":"\/r\/produits-du-terroir\/normandie\/produits-frais"}],"layers":"\/navigation\/3924\/layers","link":"\/r\/produits-du-terroir\/normandie"},{"name":"Rh\u00f4ne Alpes Franche Comt\u00e9","code":"R11F11","id":"3902","type":"RAYON","picto":null,"level":2,"sellerId":null,"slug":"rhone-alpes-franche-comte","selected":false,"children":[{"name":"Epicerie","code":"R11F11SF01","id":"3904","type":"RAYON","picto":null,"level":3,"sellerId":null,"slug":"epicerie","selected":false,"children":null,"layers":"\/navigation\/3904\/layers","link":"\/r\/produits-du-terroir\/rhone-alpes-franche-comte\/epicerie"},{"name":"Produits frais","code":"R11F11SF02","id":"3905","type":"RAYON","picto":null,"level":3,"sellerId":null,"slug":"produits-frais","selected":false,"children":null,"layers":"\/navigation\/3905\/layers","link":"\/r\/produits-du-terroir\/rhone-alpes-franche-comte\/produits-frais"},{"name":"Boisson","code":"R11F11SF03","id":"3903","type":"RAYON","picto":null,"level":3,"sellerId":null,"slug":"boisson","selected":false,"children":null,"layers":"\/navigation\/3903\/layers","link":"\/r\/produits-du-terroir\/rhone-alpes-franche-comte\/boisson"}],"layers":"\/navigation\/3902\/layers","link":"\/r\/produits-du-terroir\/rhone-alpes-franche-comte"}],"layers":"\/navigation\/3887\/layers","link":"\/r\/produits-du-terroir"},{"name":"B\u00e9b\u00e9","code":"R12","id":"26953","type":"RAYON","picto":"https:\/\/media.carrefour.fr\/medias\/ca56671104913afaac2ac8c5e22c0e6a\/p_96x96\/26953.jpg","level":1,"sellerId":null,"slug":"bebe","selected":false,"children":[{"name":"B\u00e9b\u00e9 bio","code":"R12F01","id":"27053","type":"RAYON","picto":null,"level":2,"sellerId":null,"slug":"bebe-bio","selected":false,"children":[{"name":"C\u00e9r\u00e9ales et Laits","code":"R12F01SF01","id":"28260","type":"RAYON","picto":null,"level":3,"sellerId":null,"slug":"cereales-laits","selected":false,"children":null,"layers":"\/navigation\/28260\/layers","link":"\/r\/bebe\/bebe-bio\/cereales-laits"},{"name":"Repas b\u00e9b\u00e9","code":"R12F01SF02","id":"28261","type":"RAYON","picto":null,"level":3,"sellerId":null,"slug":"repas-bebe","selected":false,"children":null,"layers":"\/navigation\/28261\/layers","link":"\/r\/bebe\/bebe-bio\/repas-bebe"},{"name":"Go\u00fbters et desserts","code":"R12F01SF03","id":"28262","type":"RAYON","picto":null,"level":3,"sellerId":null,"slug":"gouters-desserts","selected":false,"children":null,"layers":"\/navigation\/28262\/layers","link":"\/r\/bebe\/bebe-bio\/gouters-desserts"},{"name":"Pu\u00e9riculture et Hygi\u00e8ne","code":"R12F01SF04","id":"28263","type":"RAYON","picto":null,"level":3,"sellerId":null,"slug":"puericulture-hygiene","selected":false,"children":null,"layers":"\/navigation\/28263\/layers","link":"\/r\/bebe\/bebe-bio\/puericulture-hygiene"}],"layers":"\/navigation\/27053\/layers","link":"\/r\/bebe\/bebe-bio"},{"name":"Laits et C\u00e9r\u00e9ales","code":"R12F02","id":"26954","type":"RAYON","picto":"https:\/\/media.carrefour.fr\/medias\/c17c91e7623f395c9db2ab7c09c26fd4\/p_96x96\/26954.jpg","level":2,"sellerId":null,"slug":"laits-cereales","selected":false,"children":[{"name":"Laits 1er \u00e2ge","code":"R12F02SF01","id":"26962","type":"RAYON","picto":null,"level":3,"sellerId":null,"slug":"laits-1-age","selected":false,"children":null,"layers":"\/navigation\/26962\/layers","link":"\/r\/bebe\/laits-cereales\/laits-1-age"},{"name":"Laits 2\u00e8me \u00e2ge","code":"R12F02SF02","id":"26963","type":"RAYON","picto":null,"level":3,"sellerId":null,"slug":"laits-2-age","selected":false,"children":null,"layers":"\/navigation\/26963\/layers","link":"\/r\/bebe\/laits-cereales\/laits-2-age"},{"name":"Laits de croissance","code":"R12F02SF03","id":"26964","type":"RAYON","picto":null,"level":3,"sellerId":null,"slug":"laits-croissance","selected":false,"children":[{"name":"Laits de croissance en poudre","code":"R12F02SF03SS01","id":"26965","type":"RAYON","picto":null,"level":4,"sellerId":null,"slug":"laits-croissance-poudre","selected":false,"children":null,"layers":"\/navigation\/26965\/layers","link":"\/r\/bebe\/laits-cereales\/laits-croissance\/laits-croissance-poudre"},{"name":"Laits de croissance liquide","code":"R12F02SF03SS02","id":"26966","type":"RAYON","picto":null,"level":4,"sellerId":null,"slug":"laits-croissance-liquide","selected":false,"children":null,"layers":"\/navigation\/26966\/layers","link":"\/r\/bebe\/laits-cereales\/laits-croissance\/laits-croissance-liquide"}],"layers":"\/navigation\/26964\/layers","link":"\/r\/bebe\/laits-cereales\/laits-croissance"},{"name":"C\u00e9r\u00e9ales","code":"R12F02SF04","id":"26967","type":"RAYON","picto":null,"level":3,"sellerId":null,"slug":"cereales","selected":false,"children":[{"name":"C\u00e9r\u00e9ales en poudre","code":"R12F02SF04SS01","id":"26968","type":"RAYON","picto":null,"level":4,"sellerId":null,"slug":"cereales-poudre","selected":false,"children":null,"layers":"\/navigation\/26968\/layers","link":"\/r\/bebe\/laits-cereales\/cereales\/cereales-poudre"},{"name":"C\u00e9r\u00e9ales pr\u00eats \u00e0 boire","code":"R12F02SF04SS02","id":"26969","type":"RAYON","picto":null,"level":4,"sellerId":null,"slug":"cereales-pret-a-boire","selected":false,"children":null,"layers":"\/navigation\/26969\/layers","link":"\/r\/bebe\/laits-cereales\/cereales\/cereales-pret-a-boire"}],"layers":"\/navigation\/26967\/layers","link":"\/r\/bebe\/laits-cereales\/cereales"}],"layers":"\/navigation\/26954\/layers","link":"\/r\/bebe\/laits-cereales"},{"name":"Repas","code":"R12F03","id":"26955","type":"RAYON","picto":"https:\/\/media.carrefour.fr\/medias\/a8887cf3dba1339ab7287bf921070a97\/p_96x96\/26955.jpg","level":2,"sellerId":null,"slug":"repas","selected":false,"children":[{"name":"Plats complets","code":"R12F03SF01","id":"26970","type":"RAYON","picto":null,"level":3,"sellerId":null,"slug":"plats-complets","selected":false,"children":null,"layers":"\/navigation\/26970\/layers","link":"\/r\/bebe\/repas\/plats-complets"},{"name":"Plats de l\u00e9gumes","code":"R12F03SF02","id":"26971","type":"RAYON","picto":null,"level":3,"sellerId":null,"slug":"plats-legumes","selected":false,"children":null,"layers":"\/navigation\/26971\/layers","link":"\/r\/bebe\/repas\/plats-legumes"},{"name":"Repas du soir","code":"R12F03SF03","id":"26972","type":"RAYON","picto":null,"level":3,"sellerId":null,"slug":"repas-soir","selected":false,"children":null,"layers":"\/navigation\/26972\/layers","link":"\/r\/bebe\/repas\/repas-soir"},{"name":"Surgel\u00e9s","code":"R12F03SF04","id":"26973","type":"RAYON","picto":null,"level":3,"sellerId":null,"slug":"surgeles","selected":false,"children":null,"layers":"\/navigation\/26973\/layers","link":"\/r\/bebe\/repas\/surgeles"}],"layers":"\/navigation\/26955\/layers","link":"\/r\/bebe\/repas"},{"name":"Go\u00fbters et Desserts","code":"R12F04","id":"26956","type":"RAYON","picto":"https:\/\/media.carrefour.fr\/medias\/4cb9049b51bc313197eef0e43aaaf5aa\/p_96x96\/26956.jpg","level":2,"sellerId":null,"slug":"gouters-desserts","selected":false,"children":[{"name":"Desserts aux fruits","code":"R12F04SF01","id":"26974","type":"RAYON","picto":null,"level":3,"sellerId":null,"slug":"desserts-fruits","selected":false,"children":null,"layers":"\/navigation\/26974\/layers","link":"\/r\/bebe\/gouters-desserts\/desserts-fruits"},{"name":"Desserts lact\u00e9s","code":"R12F04SF02","id":"26975","type":"RAYON","picto":null,"level":3,"sellerId":null,"slug":"desserts-lactes","selected":false,"children":null,"layers":"\/navigation\/26975\/layers","link":"\/r\/bebe\/gouters-desserts\/desserts-lactes"},{"name":"Biscuits et Jus","code":"R12F04SF03","id":"26976","type":"RAYON","picto":null,"level":3,"sellerId":null,"slug":"biscuits-jus","selected":false,"children":null,"layers":"\/navigation\/26976\/layers","link":"\/r\/bebe\/gouters-desserts\/biscuits-jus"}],"layers":"\/navigation\/26956\/layers","link":"\/r\/bebe\/gouters-desserts"},{"name":"Couches et Culottes","code":"R12F05","id":"26957","type":"RAYON","picto":"https:\/\/media.carrefour.fr\/medias\/deba64c22e6b3ff7a34f48904e95912f\/p_96x96\/26957.jpg","level":2,"sellerId":null,"slug":"couches-culottes","selected":false,"children":[{"name":"Couches Nouveau n\u00e9 et Taille 1 (2-5kg)","code":"R12F05SF01","id":"27059","type":"RAYON","picto":null,"level":3,"sellerId":null,"slug":"couches-nouveau-ne-taille-1","selected":false,"children":null,"layers":"\/navigation\/27059\/layers","link":"\/r\/bebe\/couches-culottes\/couches-nouveau-ne-taille-1"},{"name":"Couches Taille 2 (3-6kg)","code":"R12F05SF02","id":"27060","type":"RAYON","picto":null,"level":3,"sellerId":null,"slug":"couches-taille-2","selected":false,"children":null,"layers":"\/navigation\/27060\/layers","link":"\/r\/bebe\/couches-culottes\/couches-taille-2"},{"name":"Couches Taille 3 (4-9kg)","code":"R12F05SF03","id":"27061","type":"RAYON","picto":null,"level":3,"sellerId":null,"slug":"couches-taille-3","selected":false,"children":null,"layers":"\/navigation\/27061\/layers","link":"\/r\/bebe\/couches-culottes\/couches-taille-3"},{"name":"Couches Taille 4 (7-20kg)","code":"R12F05SF04","id":"27062","type":"RAYON","picto":null,"level":3,"sellerId":null,"slug":"couches-taille-4","selected":false,"children":null,"layers":"\/navigation\/27062\/layers","link":"\/r\/bebe\/couches-culottes\/couches-taille-4"},{"name":"Couches Taille 5 (11-25kg)","code":"R12F05SF05","id":"27063","type":"RAYON","picto":null,"level":3,"sellerId":null,"slug":"couches-taille-5","selected":false,"children":null,"layers":"\/navigation\/27063\/layers","link":"\/r\/bebe\/couches-culottes\/couches-taille-5"},{"name":"Couches Taille 6 et plus (d\u00e8s 16kg)","code":"R12F05SF06","id":"27064","type":"RAYON","picto":null,"level":3,"sellerId":null,"slug":"couches-taille-6-et-plus","selected":false,"children":null,"layers":"\/navigation\/27064\/layers","link":"\/r\/bebe\/couches-culottes\/couches-taille-6-et-plus"},{"name":"Couches-culottes et Baignade","code":"R12F05SF07","id":"27065","type":"RAYON","picto":null,"level":3,"sellerId":null,"slug":"culottes-et-baignade","selected":false,"children":null,"layers":"\/navigation\/27065\/layers","link":"\/r\/bebe\/couches-culottes\/culottes-et-baignade"},{"name":"Pots et Poubelles \u00e0 couches","code":"R12F05SF08","id":"27066","type":"RAYON","picto":null,"level":3,"sellerId":null,"slug":"pots-boubelles-couches","selected":false,"children":null,"layers":"\/navigation\/27066\/layers","link":"\/r\/bebe\/couches-culottes\/pots-boubelles-couches"}],"layers":"\/navigation\/26957\/layers","link":"\/r\/bebe\/couches-culottes"},{"name":"Toilette et Soins","code":"R12F06","id":"26958","type":"RAYON","picto":"https:\/\/media.carrefour.fr\/medias\/123b5af5febc3acea4cae10b9b63c3ee\/p_96x96\/26958.jpg","level":2,"sellerId":null,"slug":"toilette-soins","selected":false,"children":[{"name":"Gels lavants et Shampoings","code":"R12F06SF01","id":"26977","type":"RAYON","picto":null,"level":3,"sellerId":null,"slug":"gels-lavants-shampoings","selected":false,"children":null,"layers":"\/navigation\/26977\/layers","link":"\/r\/bebe\/toilette-soins\/gels-lavants-shampoings"},{"name":"Cr\u00e8mes et Liniments","code":"R12F06SF02","id":"26978","type":"RAYON","picto":null,"level":3,"sellerId":null,"slug":"cremes-liniments","selected":false,"children":null,"layers":"\/navigation\/26978\/layers","link":"\/r\/bebe\/toilette-soins\/cremes-liniments"},{"name":"Cotons et Lingettes","code":"R12F06SF03","id":"26979","type":"RAYON","picto":null,"level":3,"sellerId":null,"slug":"cotons-lingettes","selected":false,"children":null,"layers":"\/navigation\/26979\/layers","link":"\/r\/bebe\/toilette-soins\/cotons-lingettes"},{"name":"Soins et Accessoires","code":"R12F06SF04","id":"26980","type":"RAYON","picto":null,"level":3,"sellerId":null,"slug":"soins-accessoires","selected":false,"children":null,"layers":"\/navigation\/26980\/layers","link":"\/r\/bebe\/toilette-soins\/soins-accessoires"},{"name":"Bain","code":"R12F06SF05","id":"26981","type":"RAYON","picto":null,"level":3,"sellerId":null,"slug":"bain","selected":false,"children":[{"name":"Baignoires et Si\u00e8ges de bain","code":"R12F06SF05SS01","id":"26982","type":"RAYON","picto":null,"level":4,"sellerId":null,"slug":"baignoires-sieges-de-bain","selected":false,"children":null,"layers":"\/navigation\/26982\/layers","link":"\/r\/bebe\/toilette-soins\/bain\/baignoires-sieges-de-bain"},{"name":"Thermom\u00e8tres de bain","code":"R12F06SF05SS02","id":"26983","type":"RAYON","picto":null,"level":4,"sellerId":null,"slug":"thermometres-bain","selected":false,"children":null,"layers":"\/navigation\/26983\/layers","link":"\/r\/bebe\/toilette-soins\/bain\/thermometres-bain"},{"name":"Capes de bain","code":"R12F06SF05SS03","id":"26985","type":"RAYON","picto":null,"level":4,"sellerId":null,"slug":"capes-bain","selected":false,"children":null,"layers":"\/navigation\/26985\/layers","link":"\/r\/bebe\/toilette-soins\/bain\/capes-bain"}],"layers":"\/navigation\/26981\/layers","link":"\/r\/bebe\/toilette-soins\/bain"}],"layers":"\/navigation\/26958\/layers","link":"\/r\/bebe\/toilette-soins"},{"name":"Pu\u00e9riculture","code":"R12F07","id":"26959","type":"RAYON","picto":"https:\/\/media.carrefour.fr\/medias\/8dcdfb9f0d0b3f14b27f1783fa17d316\/p_96x96\/26959.jpg","level":2,"sellerId":null,"slug":"puericulture","selected":false,"children":[{"name":"Biberons et Accessoires repas","code":"R12F07SF01","id":"26986","type":"RAYON","picto":null,"level":3,"sellerId":null,"slug":"biberons-accessoires-repas","selected":false,"children":[{"name":"Chaises hautes et Rehausseurs","code":"R12F07SF01SS01","id":"26998","type":"RAYON","picto":null,"level":4,"sellerId":null,"slug":"chaises-hautes-rehausseurs","selected":false,"children":null,"layers":"\/navigation\/26998\/layers","link":"\/r\/bebe\/puericulture\/biberons-accessoires-repas\/chaises-hautes-rehausseurs"},{"name":"Biberons et Doseurs","code":"R12F07SF01SS02","id":"26999","type":"RAYON","picto":null,"level":4,"sellerId":null,"slug":"biberons-doseurs","selected":false,"children":null,"layers":"\/navigation\/26999\/layers","link":"\/r\/bebe\/puericulture\/biberons-accessoires-repas\/biberons-doseurs"},{"name":"T\u00e9tines et Sucettes","code":"R12F07SF01SS03","id":"27000","type":"RAYON","picto":null,"level":4,"sellerId":null,"slug":"tetines-sucettes","selected":false,"children":null,"layers":"\/navigation\/27000\/layers","link":"\/r\/bebe\/puericulture\/biberons-accessoires-repas\/tetines-sucettes"},{"name":"Chauffe-biberons et St\u00e9rilisateurs","code":"R12F07SF01SS04","id":"27001","type":"RAYON","picto":null,"level":4,"sellerId":null,"slug":"chauffe-biberons-sterilisateurs","selected":false,"children":null,"layers":"\/navigation\/27001\/layers","link":"\/r\/bebe\/puericulture\/biberons-accessoires-repas\/chauffe-biberons-sterilisateurs"},{"name":"Vaisselle","code":"R12F07SF01SS06","id":"27003","type":"RAYON","picto":null,"level":4,"sellerId":null,"slug":"vaisselle","selected":false,"children":null,"layers":"\/navigation\/27003\/layers","link":"\/r\/bebe\/puericulture\/biberons-accessoires-repas\/vaisselle"},{"name":"Bavoirs","code":"R12F07SF01SS07","id":"27004","type":"RAYON","picto":null,"level":4,"sellerId":null,"slug":"bavoirs","selected":false,"children":null,"layers":"\/navigation\/27004\/layers","link":"\/r\/bebe\/puericulture\/biberons-accessoires-repas\/bavoirs"}],"layers":"\/navigation\/26986\/layers","link":"\/r\/bebe\/puericulture\/biberons-accessoires-repas"},{"name":"Poussettes","code":"R12F07SF02","id":"26987","type":"RAYON","picto":null,"level":3,"sellerId":null,"slug":"poussettes","selected":false,"children":[{"name":"Poussettes combin\u00e9es","code":"R12F07SF02SS01","id":"27008","type":"RAYON","picto":null,"level":4,"sellerId":null,"slug":"poussettes-combinees","selected":false,"children":null,"layers":"\/navigation\/27008\/layers","link":"\/r\/bebe\/puericulture\/poussettes\/poussettes-combinees"},{"name":"Poussettes cannes et compactes","code":"R12F07SF02SS03","id":"27010","type":"RAYON","picto":null,"level":4,"sellerId":null,"slug":"poussettes-cannes-compactes","selected":false,"children":null,"layers":"\/navigation\/27010\/layers","link":"\/r\/bebe\/puericulture\/poussettes\/poussettes-cannes-compactes"},{"name":"Protections pluie\/soleil et Accessoires","code":"R12F07SF02SS04","id":"27011","type":"RAYON","picto":null,"level":4,"sellerId":null,"slug":"protections-pluie-soleil-accessoires","selected":false,"children":null,"layers":"\/navigation\/27011\/layers","link":"\/r\/bebe\/puericulture\/poussettes\/protections-pluie-soleil-accessoires"},{"name":"Porte-b\u00e9b\u00e9s","code":"R12F07SF02SS05","id":"27012","type":"RAYON","picto":null,"level":4,"sellerId":null,"slug":"porte-bebes","selected":false,"children":null,"layers":"\/navigation\/27012\/layers","link":"\/r\/bebe\/puericulture\/poussettes\/porte-bebes"},{"name":"Sacs et Tapis \u00e0 langer","code":"R12F07SF02SS06","id":"27013","type":"RAYON","picto":null,"level":4,"sellerId":null,"slug":"sacs-tapis-a-langer","selected":false,"children":null,"layers":"\/navigation\/27013\/layers","link":"\/r\/bebe\/puericulture\/poussettes\/sacs-tapis-a-langer"}],"layers":"\/navigation\/26987\/layers","link":"\/r\/bebe\/puericulture\/poussettes"},{"name":"Si\u00e8ges auto","code":"R12F07SF03","id":"26988","type":"RAYON","picto":null,"level":3,"sellerId":null,"slug":"sieges-auto","selected":false,"children":[{"name":"Groupe 0\/0 \/1 (0-18kg) et Cosy","code":"R12F07SF03SS01","id":"27014","type":"RAYON","picto":null,"level":4,"sellerId":null,"slug":"groupe-0-a-1-cosy","selected":false,"children":null,"layers":"\/navigation\/27014\/layers","link":"\/r\/bebe\/puericulture\/sieges-auto\/groupe-0-a-1-cosy"},{"name":"Groupe 1\/2\/3 (9- 36kg)","code":"R12F07SF03SS02","id":"27015","type":"RAYON","picto":null,"level":4,"sellerId":null,"slug":"groupe-1-2-3","selected":false,"children":null,"layers":"\/navigation\/27015\/layers","link":"\/r\/bebe\/puericulture\/sieges-auto\/groupe-1-2-3"},{"name":"Groupe 2\/3 (15-36kg)","code":"R12F07SF03SS03","id":"27016","type":"RAYON","picto":null,"level":4,"sellerId":null,"slug":"groupe-2-3","selected":false,"children":null,"layers":"\/navigation\/27016\/layers","link":"\/r\/bebe\/puericulture\/sieges-auto\/groupe-2-3"},{"name":"Rehausseurs","code":"R12F07SF03SS04","id":"27017","type":"RAYON","picto":null,"level":4,"sellerId":null,"slug":"rehausseurs","selected":false,"children":null,"layers":"\/navigation\/27017\/layers","link":"\/r\/bebe\/puericulture\/sieges-auto\/rehausseurs"},{"name":"Cale-t\u00eate","code":"R12F07SF03SS05","id":"27018","type":"RAYON","picto":null,"level":4,"sellerId":null,"slug":"cale-tete","selected":false,"children":null,"layers":"\/navigation\/27018\/layers","link":"\/r\/bebe\/puericulture\/sieges-auto\/cale-tete"},{"name":"Fixations si\u00e8ge-auto et Accessoires","code":"R12F07SF03SS06","id":"27019","type":"RAYON","picto":null,"level":4,"sellerId":null,"slug":"fixations-siege-auto-accessoires","selected":false,"children":null,"layers":"\/navigation\/27019\/layers","link":"\/r\/bebe\/puericulture\/sieges-auto\/fixations-siege-auto-accessoires"}],"layers":"\/navigation\/26988\/layers","link":"\/r\/bebe\/puericulture\/sieges-auto"},{"name":"Eveil et Jouets","code":"R12F07SF04","id":"26989","type":"RAYON","picto":null,"level":3,"sellerId":null,"slug":"eveil-jouets","selected":false,"children":[{"name":"Transats","code":"R12F07SF04SS01","id":"27005","type":"RAYON","picto":null,"level":4,"sellerId":null,"slug":"transats","selected":false,"children":null,"layers":"\/navigation\/27005\/layers","link":"\/r\/bebe\/puericulture\/eveil-jouets\/transats"},{"name":"Trotteurs","code":"R12F07SF04SS03","id":"27007","type":"RAYON","picto":null,"level":4,"sellerId":null,"slug":"trotteurs","selected":false,"children":null,"layers":"\/navigation\/27007\/layers","link":"\/r\/bebe\/puericulture\/eveil-jouets\/trotteurs"},{"name":"Porteurs","code":"R12F07SF04SS04","id":"27025","type":"RAYON","picto":null,"level":4,"sellerId":null,"slug":"porteurs","selected":false,"children":null,"layers":"\/navigation\/27025\/layers","link":"\/r\/bebe\/puericulture\/eveil-jouets\/porteurs"},{"name":"Parcs et Tapis","code":"R12F07SF04SS05","id":"27026","type":"RAYON","picto":null,"level":4,"sellerId":null,"slug":"parcs-tapis","selected":false,"children":null,"layers":"\/navigation\/27026\/layers","link":"\/r\/bebe\/puericulture\/eveil-jouets\/parcs-tapis"},{"name":"Veilleuses et Berceuses","code":"R12F07SF04SS06","id":"27027","type":"RAYON","picto":null,"level":4,"sellerId":null,"slug":"veilleuses-berceuses","selected":false,"children":null,"layers":"\/navigation\/27027\/layers","link":"\/r\/bebe\/puericulture\/eveil-jouets\/veilleuses-berceuses"}],"layers":"\/navigation\/26989\/layers","link":"\/r\/bebe\/puericulture\/eveil-jouets"},{"name":"Chambre et S\u00e9curit\u00e9 ","code":"R12F07SF05","id":"26990","type":"RAYON","picto":null,"level":3,"sellerId":null,"slug":"chambre-securite","selected":false,"children":[{"name":"Lits b\u00e9b\u00e9","code":"R12F07SF05SS01","id":"27028","type":"RAYON","picto":null,"level":4,"sellerId":null,"slug":"lits-bebe","selected":false,"children":null,"layers":"\/navigation\/27028\/layers","link":"\/r\/bebe\/puericulture\/chambre-securite\/lits-bebe"},{"name":"Matelas b\u00e9b\u00e9","code":"R12F07SF05SS02","id":"27029","type":"RAYON","picto":null,"level":4,"sellerId":null,"slug":"matelas-bebe","selected":false,"children":null,"layers":"\/navigation\/27029\/layers","link":"\/r\/bebe\/puericulture\/chambre-securite\/matelas-bebe"},{"name":"Linge de lit","code":"R12F07SF05SS03","id":"27030","type":"RAYON","picto":null,"level":4,"sellerId":null,"slug":"linge-lit","selected":false,"children":null,"layers":"\/navigation\/27030\/layers","link":"\/r\/bebe\/puericulture\/chambre-securite\/linge-lit"},{"name":"Commodes et Armoires","code":"R12F07SF05SS04","id":"27031","type":"RAYON","picto":null,"level":4,"sellerId":null,"slug":"commodes-armoires","selected":false,"children":null,"layers":"\/navigation\/27031\/layers","link":"\/r\/bebe\/puericulture\/chambre-securite\/commodes-armoires"},{"name":"Tables et Matelas \u00e0 langer","code":"R12F07SF05SS05","id":"27068","type":"RAYON","picto":null,"level":4,"sellerId":null,"slug":"tables-matelas-langer","selected":false,"children":null,"layers":"\/navigation\/27068\/layers","link":"\/r\/bebe\/puericulture\/chambre-securite\/tables-matelas-langer"},{"name":"D\u00e9coration","code":"R12F07SF05SS06","id":"27032","type":"RAYON","picto":null,"level":4,"sellerId":null,"slug":"decoration","selected":false,"children":null,"layers":"\/navigation\/27032\/layers","link":"\/r\/bebe\/puericulture\/chambre-securite\/decoration"},{"name":"Babyphone et Ecoute b\u00e9b\u00e9","code":"R12F07SF05SS07","id":"27033","type":"RAYON","picto":null,"level":4,"sellerId":null,"slug":"babyphone-ecoute-bebe","selected":false,"children":null,"layers":"\/navigation\/27033\/layers","link":"\/r\/bebe\/puericulture\/chambre-securite\/babyphone-ecoute-bebe"},{"name":"Barri\u00e8res et Accessoires de s\u00e9curit\u00e9","code":"R12F07SF05SS08","id":"27067","type":"RAYON","picto":null,"level":4,"sellerId":null,"slug":"barrieres-accessoires-securite","selected":false,"children":null,"layers":"\/navigation\/27067\/layers","link":"\/r\/bebe\/puericulture\/chambre-securite\/barrieres-accessoires-securite"}],"layers":"\/navigation\/26990\/layers","link":"\/r\/bebe\/puericulture\/chambre-securite"}],"layers":"\/navigation\/26959\/layers","link":"\/r\/bebe\/puericulture"},{"name":"V\u00eatements","code":"R12F08","id":"26960","type":"RAYON","picto":"https:\/\/media.carrefour.fr\/medias\/c588f5ffb10134558180f7dc16cf2a4e\/p_96x96\/26960.jpg","level":2,"sellerId":null,"slug":"vetements","selected":false,"children":[{"name":"Naissance (0-12mois)","code":"R12F08SF01","id":"26991","type":"RAYON","picto":null,"level":3,"sellerId":null,"slug":"naissance-0-12-mois","selected":false,"children":[{"name":"Pyjamas et Grenouill\u00e8res","code":"R12F08SF01SS01","id":"27035","type":"RAYON","picto":null,"level":4,"sellerId":null,"slug":"pyjamas-grenouilleres","selected":false,"children":null,"layers":"\/navigation\/27035\/layers","link":"\/r\/bebe\/vetements\/naissance-0-12-mois\/pyjamas-grenouilleres"},{"name":"Bodies","code":"R12F08SF01SS03","id":"27037","type":"RAYON","picto":null,"level":4,"sellerId":null,"slug":"bodies","selected":false,"children":null,"layers":"\/navigation\/27037\/layers","link":"\/r\/bebe\/vetements\/naissance-0-12-mois\/bodies"}],"layers":"\/navigation\/26991\/layers","link":"\/r\/bebe\/vetements\/naissance-0-12-mois"},{"name":"B\u00e9b\u00e9 Fille (3-36mois)","code":"R12F08SF02","id":"26992","type":"RAYON","picto":null,"level":3,"sellerId":null,"slug":"bebe-fille-3-36-mois","selected":false,"children":[{"name":"Bodies","code":"R12F08SF02SS01","id":"27039","type":"RAYON","picto":null,"level":4,"sellerId":null,"slug":"bodies","selected":false,"children":null,"layers":"\/navigation\/27039\/layers","link":"\/r\/bebe\/vetements\/bebe-fille-3-36-mois\/bodies"},{"name":"Pyjamas","code":"R12F08SF02SS02","id":"27040","type":"RAYON","picto":null,"level":4,"sellerId":null,"slug":"pyjamas","selected":false,"children":null,"layers":"\/navigation\/27040\/layers","link":"\/r\/bebe\/vetements\/bebe-fille-3-36-mois\/pyjamas"},{"name":"Hauts","code":"R12F08SF02SS03","id":"27041","type":"RAYON","picto":null,"level":4,"sellerId":null,"slug":"hauts","selected":false,"children":null,"layers":"\/navigation\/27041\/layers","link":"\/r\/bebe\/vetements\/bebe-fille-3-36-mois\/hauts"},{"name":"Manteaux","code":"R12F08SF02SS06","id":"27044","type":"RAYON","picto":null,"level":4,"sellerId":null,"slug":"manteaux","selected":false,"children":null,"layers":"\/navigation\/27044\/layers","link":"\/r\/bebe\/vetements\/bebe-fille-3-36-mois\/manteaux"},{"name":"Chaussettes et Bonnets","code":"R12F08SF02SS07","id":"27045","type":"RAYON","picto":null,"level":4,"sellerId":null,"slug":"chaussettes-bonnets","selected":false,"children":null,"layers":"\/navigation\/27045\/layers","link":"\/r\/bebe\/vetements\/bebe-fille-3-36-mois\/chaussettes-bonnets"}],"layers":"\/navigation\/26992\/layers","link":"\/r\/bebe\/vetements\/bebe-fille-3-36-mois"},{"name":"B\u00e9b\u00e9 Gar\u00e7on (3-36mois)","code":"R12F08SF03","id":"26993","type":"RAYON","picto":null,"level":3,"sellerId":null,"slug":"bebe-garcon-3-36-mois","selected":false,"children":[{"name":"Bodies","code":"R12F08SF03SS01","id":"27046","type":"RAYON","picto":null,"level":4,"sellerId":null,"slug":"bodies","selected":false,"children":null,"layers":"\/navigation\/27046\/layers","link":"\/r\/bebe\/vetements\/bebe-garcon-3-36-mois\/bodies"},{"name":"Pyjamas","code":"R12F08SF03SS02","id":"27047","type":"RAYON","picto":null,"level":4,"sellerId":null,"slug":"pyjamas","selected":false,"children":null,"layers":"\/navigation\/27047\/layers","link":"\/r\/bebe\/vetements\/bebe-garcon-3-36-mois\/pyjamas"},{"name":"Pantalons","code":"R12F08SF03SS04","id":"27049","type":"RAYON","picto":null,"level":4,"sellerId":null,"slug":"pantalons","selected":false,"children":null,"layers":"\/navigation\/27049\/layers","link":"\/r\/bebe\/vetements\/bebe-garcon-3-36-mois\/pantalons"},{"name":"Manteaux","code":"R12F08SF03SS05","id":"27050","type":"RAYON","picto":null,"level":4,"sellerId":null,"slug":"manteaux","selected":false,"children":null,"layers":"\/navigation\/27050\/layers","link":"\/r\/bebe\/vetements\/bebe-garcon-3-36-mois\/manteaux"},{"name":"Chaussettes et Bonnets","code":"R12F08SF03SS06","id":"27051","type":"RAYON","picto":null,"level":4,"sellerId":null,"slug":"chaussettes-bonnets","selected":false,"children":null,"layers":"\/navigation\/27051\/layers","link":"\/r\/bebe\/vetements\/bebe-garcon-3-36-mois\/chaussettes-bonnets"}],"layers":"\/navigation\/26993\/layers","link":"\/r\/bebe\/vetements\/bebe-garcon-3-36-mois"},{"name":"Chaussures, Chaussons et Accessoires","code":"R12F08SF04","id":"26994","type":"RAYON","picto":null,"level":3,"sellerId":null,"slug":"chaussures-chaussons-accessoires","selected":false,"children":null,"layers":"\/navigation\/26994\/layers","link":"\/r\/bebe\/vetements\/chaussures-chaussons-accessoires"}],"layers":"\/navigation\/26960\/layers","link":"\/r\/bebe\/vetements"},{"name":"Maternit\u00e9 et Allaitement","code":"R12F09","id":"26961","type":"RAYON","picto":"https:\/\/media.carrefour.fr\/medias\/e360d273e0303adbbefe5ebdf4435038\/p_96x96\/26961.jpg","level":2,"sellerId":null,"slug":"maternite-allaitement","selected":false,"children":[{"name":"Tire-laits et Accessoires","code":"R12F09SF01","id":"26995","type":"RAYON","picto":null,"level":3,"sellerId":null,"slug":"tire-laits-accessoires","selected":false,"children":null,"layers":"\/navigation\/26995\/layers","link":"\/r\/bebe\/maternite-allaitement\/tire-laits-accessoires"},{"name":"Coussins d'allaitement","code":"R12F09SF02","id":"26996","type":"RAYON","picto":null,"level":3,"sellerId":null,"slug":"coussins-allaitement","selected":false,"children":null,"layers":"\/navigation\/26996\/layers","link":"\/r\/bebe\/maternite-allaitement\/coussins-allaitement"},{"name":"Lingerie","code":"R12F09SF03","id":"26997","type":"RAYON","picto":null,"level":3,"sellerId":null,"slug":"lingerie","selected":false,"children":null,"layers":"\/navigation\/26997\/layers","link":"\/r\/bebe\/maternite-allaitement\/lingerie"}],"layers":"\/navigation\/26961\/layers","link":"\/r\/bebe\/maternite-allaitement"}],"layers":"\/navigation\/26953\/layers","link":"\/r\/bebe"},{"name":"Hygi\u00e8ne et Beaut\u00e9","code":"R13","id":"2415","type":"RAYON","picto":"https:\/\/media.carrefour.fr\/medias\/a0812ad978dd398e92bad45650bcc925\/p_96x96\/2415.jpg","level":1,"sellerId":null,"slug":"hygiene-et-beaute","selected":false,"children":[{"name":"Papier toilette, Mouchoirs et Cotons","code":"R13F02","id":"2416","type":"RAYON","picto":"https:\/\/media.carrefour.fr\/medias\/f5e6ed377fb53f1db517a1b265d253ae\/p_96x96\/2416.jpg","level":2,"sellerId":null,"slug":"papier-toilette-mouchoirs-et-cotons","selected":false,"children":[{"name":"Papier toilette","code":"R13F02SF01","id":"2417","type":"RAYON","picto":null,"level":3,"sellerId":null,"slug":"papier-toilette","selected":false,"children":null,"layers":"\/navigation\/2417\/layers","link":"\/r\/hygiene-et-beaute\/papier-toilette-mouchoirs-et-cotons\/papier-toilette"},{"name":"Mouchoirs en papier","code":"R13F02SF02","id":"2418","type":"RAYON","picto":null,"level":3,"sellerId":null,"slug":"mouchoirs-en-papier","selected":false,"children":null,"layers":"\/navigation\/2418\/layers","link":"\/r\/hygiene-et-beaute\/papier-toilette-mouchoirs-et-cotons\/mouchoirs-en-papier"},{"name":"Cotons et Cotons tiges","code":"R13F02SF03","id":"2419","type":"RAYON","picto":null,"level":3,"sellerId":null,"slug":"cotons-et-cotons-tiges","selected":false,"children":null,"layers":"\/navigation\/2419\/layers","link":"\/r\/hygiene-et-beaute\/papier-toilette-mouchoirs-et-cotons\/cotons-et-cotons-tiges"}],"layers":"\/navigation\/2416\/layers","link":"\/r\/hygiene-et-beaute\/papier-toilette-mouchoirs-et-cotons"},{"name":"Le corps","code":"R13F03","id":"2420","type":"RAYON","picto":"https:\/\/media.carrefour.fr\/medias\/b3e88950855b36f1a8c5f6b00f9c89ff\/p_96x96\/2420.jpg","level":2,"sellerId":null,"slug":"le-corps","selected":false,"children":[{"name":"Eaux de toilette et Eaux de Cologne","code":"R13F03SF01","id":"2428","type":"RAYON","picto":null,"level":3,"sellerId":null,"slug":"eaux-de-toilette-eaux-de-cologne","selected":false,"children":null,"layers":"\/navigation\/2428\/layers","link":"\/r\/hygiene-et-beaute\/le-corps\/eaux-de-toilette-eaux-de-cologne"},{"name":"Coffrets","code":"R13F03SF02","id":"26014","type":"RAYON","picto":null,"level":3,"sellerId":null,"slug":"coffrets","selected":false,"children":null,"layers":"\/navigation\/26014\/layers","link":"\/r\/hygiene-et-beaute\/le-corps\/coffrets"},{"name":"Savons","code":"R13F03SF03","id":"2423","type":"RAYON","picto":null,"level":3,"sellerId":null,"slug":"savons","selected":false,"children":null,"layers":"\/navigation\/2423\/layers","link":"\/r\/hygiene-et-beaute\/le-corps\/savons"},{"name":"Gels et Cr\u00e8mes de douche","code":"R13F03SF04","id":"2421","type":"RAYON","picto":null,"level":3,"sellerId":null,"slug":"gels-et-cremes-de-douche","selected":false,"children":null,"layers":"\/navigation\/2421\/layers","link":"\/r\/hygiene-et-beaute\/le-corps\/gels-et-cremes-de-douche"},{"name":"Eponges de bain","code":"R13F03SF05","id":"26015","type":"RAYON","picto":null,"level":3,"sellerId":null,"slug":"eponges-de-bain","selected":false,"children":null,"layers":"\/navigation\/26015\/layers","link":"\/r\/hygiene-et-beaute\/le-corps\/eponges-de-bain"},{"name":"Laits hydratants et Soins du corps","code":"R13F03SF06","id":"2422","type":"RAYON","picto":null,"level":3,"sellerId":null,"slug":"lait-hydratants-et-soins-du-corps","selected":false,"children":null,"layers":"\/navigation\/2422\/layers","link":"\/r\/hygiene-et-beaute\/le-corps\/lait-hydratants-et-soins-du-corps"},{"name":"D\u00e9odorants femmes","code":"R13F03SF07","id":"2424","type":"RAYON","picto":null,"level":3,"sellerId":null,"slug":"deodorants-femmes","selected":false,"children":null,"layers":"\/navigation\/2424\/layers","link":"\/r\/hygiene-et-beaute\/le-corps\/deodorants-femmes"},{"name":"D\u00e9odorants hommes","code":"R13F03SF08","id":"2425","type":"RAYON","picto":null,"level":3,"sellerId":null,"slug":"deodorants-hommes","selected":false,"children":null,"layers":"\/navigation\/2425\/layers","link":"\/r\/hygiene-et-beaute\/le-corps\/deodorants-hommes"},{"name":"Epilation et Rasage","code":"R13F03SF09","id":"2426","type":"RAYON","picto":null,"level":3,"sellerId":null,"slug":"epilation-et-rasage","selected":false,"children":null,"layers":"\/navigation\/2426\/layers","link":"\/r\/hygiene-et-beaute\/le-corps\/epilation-et-rasage"},{"name":"Soins mains et pieds","code":"R13F03SF10","id":"2427","type":"RAYON","picto":null,"level":3,"sellerId":null,"slug":"soins-mains-et-pieds","selected":false,"children":null,"layers":"\/navigation\/2427\/layers","link":"\/r\/hygiene-et-beaute\/le-corps\/soins-mains-et-pieds"},{"name":"Produits solaires","code":"R13F03SF11","id":"2429","type":"RAYON","picto":null,"level":3,"sellerId":null,"slug":"produits-solaires","selected":false,"children":null,"layers":"\/navigation\/2429\/layers","link":"\/r\/hygiene-et-beaute\/le-corps\/produits-solaires"}],"layers":"\/navigation\/2420\/layers","link":"\/r\/hygiene-et-beaute\/le-corps"},{"name":"Les cheveux","code":"R13F04","id":"2430","type":"RAYON","picto":"https:\/\/media.carrefour.fr\/medias\/130011d02cf432d8b6746e7933d038d0\/p_96x96\/2430.jpg","level":2,"sellerId":null,"slug":"les-cheveux","selected":false,"children":[{"name":"Les shampoings","code":"R13F04SF01","id":"2431","type":"RAYON","picto":null,"level":3,"sellerId":null,"slug":"les-shampoings","selected":false,"children":[{"name":"Cheveux normaux","code":"R13F04SF01SS01","id":"2437","type":"RAYON","picto":null,"level":4,"sellerId":null,"slug":"cheveux-normaux","selected":false,"children":null,"layers":"\/navigation\/2437\/layers","link":"\/r\/hygiene-et-beaute\/les-cheveux\/les-shampoings\/cheveux-normaux"},{"name":"Cheveux color\u00e9s","code":"R13F04SF01SS02","id":"2436","type":"RAYON","picto":null,"level":4,"sellerId":null,"slug":"cheveux-colores","selected":false,"children":null,"layers":"\/navigation\/2436\/layers","link":"\/r\/hygiene-et-beaute\/les-cheveux\/les-shampoings\/cheveux-colores"},{"name":"Cheveux fins et boucl\u00e9s","code":"R13F04SF01SS03","id":"2434","type":"RAYON","picto":null,"level":4,"sellerId":null,"slug":"cheveux-fins-et-boucles","selected":false,"children":null,"layers":"\/navigation\/2434\/layers","link":"\/r\/hygiene-et-beaute\/les-cheveux\/les-shampoings\/cheveux-fins-et-boucles"},{"name":"Cheveux secs et ab\u00eem\u00e9s","code":"R13F04SF01SS04","id":"2433","type":"RAYON","picto":null,"level":4,"sellerId":null,"slug":"cheveux-secs-et-abimes","selected":false,"children":null,"layers":"\/navigation\/2433\/layers","link":"\/r\/hygiene-et-beaute\/les-cheveux\/les-shampoings\/cheveux-secs-et-abimes"},{"name":"Anti-pelliculaires","code":"R13F04SF01SS05","id":"2432","type":"RAYON","picto":null,"level":4,"sellerId":null,"slug":"anti-pelliculaires","selected":false,"children":null,"layers":"\/navigation\/2432\/layers","link":"\/r\/hygiene-et-beaute\/les-cheveux\/les-shampoings\/anti-pelliculaires"},{"name":"Cheveux gras","code":"R13F04SF01SS06","id":"2435","type":"RAYON","picto":null,"level":4,"sellerId":null,"slug":"cheveux-gras","selected":false,"children":null,"layers":"\/navigation\/2435\/layers","link":"\/r\/hygiene-et-beaute\/les-cheveux\/les-shampoings\/cheveux-gras"}],"layers":"\/navigation\/2431\/layers","link":"\/r\/hygiene-et-beaute\/les-cheveux\/les-shampoings"},{"name":"Les apr\u00e8s-shampoings","code":"R13F04SF02","id":"2438","type":"RAYON","picto":null,"level":3,"sellerId":null,"slug":"les-apres-shampoings","selected":false,"children":[{"name":"Normaux \u00e0 gras","code":"R13F04SF02SS01","id":"2441","type":"RAYON","picto":null,"level":4,"sellerId":null,"slug":"normaux-a-gras","selected":false,"children":null,"layers":"\/navigation\/2441\/layers","link":"\/r\/hygiene-et-beaute\/les-cheveux\/les-apres-shampoings\/normaux-a-gras"},{"name":"Color\u00e9s","code":"R13F04SF02SS02","id":"2440","type":"RAYON","picto":null,"level":4,"sellerId":null,"slug":"colores","selected":false,"children":null,"layers":"\/navigation\/2440\/layers","link":"\/r\/hygiene-et-beaute\/les-cheveux\/les-apres-shampoings\/colores"},{"name":"Fins ou boucl\u00e9s","code":"R13F04SF02SS03","id":"2439","type":"RAYON","picto":null,"level":4,"sellerId":null,"slug":"fins-ou-boucles","selected":false,"children":null,"layers":"\/navigation\/2439\/layers","link":"\/r\/hygiene-et-beaute\/les-cheveux\/les-apres-shampoings\/fins-ou-boucles"},{"name":"Ab\u00eem\u00e9s et secs","code":"R13F04SF02SS04","id":"2442","type":"RAYON","picto":null,"level":4,"sellerId":null,"slug":"abimes-et-secs","selected":false,"children":null,"layers":"\/navigation\/2442\/layers","link":"\/r\/hygiene-et-beaute\/les-cheveux\/les-apres-shampoings\/abimes-et-secs"}],"layers":"\/navigation\/2438\/layers","link":"\/r\/hygiene-et-beaute\/les-cheveux\/les-apres-shampoings"},{"name":"Les masques et Les huiles","code":"R13F04SF03","id":"2443","type":"RAYON","picto":null,"level":3,"sellerId":null,"slug":"les-masques-et-huiles","selected":false,"children":null,"layers":"\/navigation\/2443\/layers","link":"\/r\/hygiene-et-beaute\/les-cheveux\/les-masques-et-huiles"},{"name":"Gels, Laques et Mousses","code":"R13F04SF04","id":"2444","type":"RAYON","picto":null,"level":3,"sellerId":null,"slug":"gels-laques-et-mousses","selected":false,"children":null,"layers":"\/navigation\/2444\/layers","link":"\/r\/hygiene-et-beaute\/les-cheveux\/gels-laques-et-mousses"},{"name":"Coloration des cheveux","code":"R13F04SF05","id":"2445","type":"RAYON","picto":null,"level":3,"sellerId":null,"slug":"coloration-des-cheveux","selected":false,"children":null,"layers":"\/navigation\/2445\/layers","link":"\/r\/hygiene-et-beaute\/les-cheveux\/coloration-des-cheveux"},{"name":"Accessoires cheveux","code":"R13F04SF06","id":"2446","type":"RAYON","picto":null,"level":3,"sellerId":null,"slug":"accessoires-cheveux","selected":false,"children":null,"layers":"\/navigation\/2446\/layers","link":"\/r\/hygiene-et-beaute\/les-cheveux\/accessoires-cheveux"}],"layers":"\/navigation\/2430\/layers","link":"\/r\/hygiene-et-beaute\/les-cheveux"},{"name":"Hygi\u00e8ne dentaire","code":"R13F05","id":"2447","type":"RAYON","picto":"https:\/\/media.carrefour.fr\/medias\/9dd9014a67243aa2b33f43ad12fd8814\/p_96x96\/2447.jpg","level":2,"sellerId":null,"slug":"hygiene-dentaire","selected":false,"children":[{"name":"Dentifrices","code":"R13F05SF01","id":"2448","type":"RAYON","picto":null,"level":3,"sellerId":null,"slug":"dentifrices","selected":false,"children":null,"layers":"\/navigation\/2448\/layers","link":"\/r\/hygiene-et-beaute\/hygiene-dentaire\/dentifrices"},{"name":"Brosses \u00e0 dents","code":"R13F05SF02","id":"2449","type":"RAYON","picto":null,"level":3,"sellerId":null,"slug":"brosses-a-dents","selected":false,"children":null,"layers":"\/navigation\/2449\/layers","link":"\/r\/hygiene-et-beaute\/hygiene-dentaire\/brosses-a-dents"},{"name":"Bains de bouche et Soins","code":"R13F05SF03","id":"2450","type":"RAYON","picto":null,"level":3,"sellerId":null,"slug":"bains-de-bouche-et-soins","selected":false,"children":null,"layers":"\/navigation\/2450\/layers","link":"\/r\/hygiene-et-beaute\/hygiene-dentaire\/bains-de-bouche-et-soins"},{"name":"Pour les enfants","code":"R13F05SF04","id":"2451","type":"RAYON","picto":null,"level":3,"sellerId":null,"slug":"pour-les-enfants","selected":false,"children":null,"layers":"\/navigation\/2451\/layers","link":"\/r\/hygiene-et-beaute\/hygiene-dentaire\/pour-les-enfants"}],"layers":"\/navigation\/2447\/layers","link":"\/r\/hygiene-et-beaute\/hygiene-dentaire"},{"name":"Le visage","code":"R13F06","id":"2452","type":"RAYON","picto":"https:\/\/media.carrefour.fr\/medias\/b9928f746fee319ca89e775422b22d11\/p_96x96\/2452.jpg","level":2,"sellerId":null,"slug":"le-visage","selected":false,"children":[{"name":"D\u00e9maquillants et Nettoyants","code":"R13F06SF01","id":"2453","type":"RAYON","picto":null,"level":3,"sellerId":null,"slug":"demaquillants-et-nettoyants","selected":false,"children":[{"name":"D\u00e9maquillants","code":"R13F06SF01SS01","id":"2456","type":"RAYON","picto":null,"level":4,"sellerId":null,"slug":"demaquillants","selected":false,"children":null,"layers":"\/navigation\/2456\/layers","link":"\/r\/hygiene-et-beaute\/le-visage\/demaquillants-et-nettoyants\/demaquillants"},{"name":"Nettoyants","code":"R13F06SF01SS02","id":"2454","type":"RAYON","picto":null,"level":4,"sellerId":null,"slug":"nettoyants","selected":false,"children":null,"layers":"\/navigation\/2454\/layers","link":"\/r\/hygiene-et-beaute\/le-visage\/demaquillants-et-nettoyants\/nettoyants"},{"name":"Toniques et Atomiseurs d'eau","code":"R13F06SF01SS03","id":"2455","type":"RAYON","picto":null,"level":4,"sellerId":null,"slug":"toniques-et-atomiseurs-deau","selected":false,"children":null,"layers":"\/navigation\/2455\/layers","link":"\/r\/hygiene-et-beaute\/le-visage\/demaquillants-et-nettoyants\/toniques-et-atomiseurs-deau"}],"layers":"\/navigation\/2453\/layers","link":"\/r\/hygiene-et-beaute\/le-visage\/demaquillants-et-nettoyants"},{"name":"Masques et Gommages","code":"R13F06SF02","id":"2457","type":"RAYON","picto":null,"level":3,"sellerId":null,"slug":"masques-et-gommages","selected":false,"children":null,"layers":"\/navigation\/2457\/layers","link":"\/r\/hygiene-et-beaute\/le-visage\/masques-et-gommages"},{"name":"Soin du visage","code":"R13F06SF03","id":"2458","type":"RAYON","picto":null,"level":3,"sellerId":null,"slug":"soin-du-visage","selected":false,"children":[{"name":"Cr\u00e8mes hydratantes","code":"R13F06SF03SS01","id":"2459","type":"RAYON","picto":null,"level":4,"sellerId":null,"slug":"cremes-hydratantes","selected":false,"children":null,"layers":"\/navigation\/2459\/layers","link":"\/r\/hygiene-et-beaute\/le-visage\/soin-du-visage\/cremes-hydratantes"},{"name":"Cr\u00e8mes anti-\u00e2ge","code":"R13F06SF03SS02","id":"2461","type":"RAYON","picto":null,"level":4,"sellerId":null,"slug":"cremes-anti-age","selected":false,"children":null,"layers":"\/navigation\/2461\/layers","link":"\/r\/hygiene-et-beaute\/le-visage\/soin-du-visage\/cremes-anti-age"},{"name":"Soin des l\u00e8vres","code":"R13F06SF03SS03","id":"2460","type":"RAYON","picto":null,"level":4,"sellerId":null,"slug":"soin-des-levres","selected":false,"children":null,"layers":"\/navigation\/2460\/layers","link":"\/r\/hygiene-et-beaute\/le-visage\/soin-du-visage\/soin-des-levres"},{"name":"Huiles hydratantes","code":"R13F06SF03SS04","id":"26856","type":"RAYON","picto":null,"level":4,"sellerId":null,"slug":"huiles-hydratants","selected":false,"children":null,"layers":"\/navigation\/26856\/layers","link":"\/r\/hygiene-et-beaute\/le-visage\/soin-du-visage\/huiles-hydratants"}],"layers":"\/navigation\/2458\/layers","link":"\/r\/hygiene-et-beaute\/le-visage\/soin-du-visage"},{"name":"Maquillage","code":"R13F06SF04","id":"2462","type":"RAYON","picto":null,"level":3,"sellerId":null,"slug":"maquillage","selected":false,"children":[{"name":"Le teint","code":"R13F06SF04SS01","id":"2466","type":"RAYON","picto":null,"level":4,"sellerId":null,"slug":"le-teint","selected":false,"children":null,"layers":"\/navigation\/2466\/layers","link":"\/r\/hygiene-et-beaute\/le-visage\/maquillage\/le-teint"},{"name":"Les yeux","code":"R13F06SF04SS02","id":"2465","type":"RAYON","picto":null,"level":4,"sellerId":null,"slug":"les-yeux","selected":false,"children":null,"layers":"\/navigation\/2465\/layers","link":"\/r\/hygiene-et-beaute\/le-visage\/maquillage\/les-yeux"},{"name":"Les l\u00e8vres","code":"R13F06SF04SS03","id":"2464","type":"RAYON","picto":null,"level":4,"sellerId":null,"slug":"les-levres","selected":false,"children":null,"layers":"\/navigation\/2464\/layers","link":"\/r\/hygiene-et-beaute\/le-visage\/maquillage\/les-levres"},{"name":"Les ongles","code":"R13F06SF04SS04","id":"2463","type":"RAYON","picto":null,"level":4,"sellerId":null,"slug":"les-ongles","selected":false,"children":null,"layers":"\/navigation\/2463\/layers","link":"\/r\/hygiene-et-beaute\/le-visage\/maquillage\/les-ongles"}],"layers":"\/navigation\/2462\/layers","link":"\/r\/hygiene-et-beaute\/le-visage\/maquillage"}],"layers":"\/navigation\/2452\/layers","link":"\/r\/hygiene-et-beaute\/le-visage"},{"name":"Hygi\u00e8ne f\u00e9minine et Incontinence","code":"R13F07","id":"2467","type":"RAYON","picto":"https:\/\/media.carrefour.fr\/medias\/b7a5ef5bb3953590bc736e14c0982e11\/p_96x96\/2467.jpg","level":2,"sellerId":null,"slug":"hygiene-feminine-incontinence","selected":false,"children":[{"name":"Tampons","code":"R13F07SF01","id":"2468","type":"RAYON","picto":null,"level":3,"sellerId":null,"slug":"tampons","selected":false,"children":null,"layers":"\/navigation\/2468\/layers","link":"\/r\/hygiene-et-beaute\/hygiene-feminine-incontinence\/tampons"},{"name":"Serviettes hygi\u00e9niques","code":"R13F07SF02","id":"2469","type":"RAYON","picto":null,"level":3,"sellerId":null,"slug":"serviettes-hygieniques","selected":false,"children":null,"layers":"\/navigation\/2469\/layers","link":"\/r\/hygiene-et-beaute\/hygiene-feminine-incontinence\/serviettes-hygieniques"},{"name":"Prot\u00e8ges-slips","code":"R13F07SF03","id":"2470","type":"RAYON","picto":null,"level":3,"sellerId":null,"slug":"proteges-slips","selected":false,"children":null,"layers":"\/navigation\/2470\/layers","link":"\/r\/hygiene-et-beaute\/hygiene-feminine-incontinence\/proteges-slips"},{"name":"Incontinence","code":"R13F07SF04","id":"2471","type":"RAYON","picto":null,"level":3,"sellerId":null,"slug":"incontinence","selected":false,"children":null,"layers":"\/navigation\/2471\/layers","link":"\/r\/hygiene-et-beaute\/hygiene-feminine-incontinence\/incontinence"},{"name":"Toilette intime","code":"R13F07SF05","id":"2472","type":"RAYON","picto":null,"level":3,"sellerId":null,"slug":"toilette-intime","selected":false,"children":null,"layers":"\/navigation\/2472\/layers","link":"\/r\/hygiene-et-beaute\/hygiene-feminine-incontinence\/toilette-intime"}],"layers":"\/navigation\/2467\/layers","link":"\/r\/hygiene-et-beaute\/hygiene-feminine-incontinence"},{"name":"Premiers soins","code":"R13F08","id":"2488","type":"RAYON","picto":"https:\/\/media.carrefour.fr\/medias\/df729b2f4d97311ea1430382b603b055\/p_96x96\/2488.jpg","level":2,"sellerId":null,"slug":"premiers-soins","selected":false,"children":[{"name":"Pansements, Bandes et D\u00e9sinfectants","code":"R13F08SF01","id":"2489","type":"RAYON","picto":null,"level":3,"sellerId":null,"slug":"pansements-bandes-et-desinfectants","selected":false,"children":null,"layers":"\/navigation\/2489\/layers","link":"\/r\/hygiene-et-beaute\/premiers-soins\/pansements-bandes-et-desinfectants"},{"name":"S\u00e9rums physiologiques et Sprays nasaux","code":"R13F08SF02","id":"2490","type":"RAYON","picto":null,"level":3,"sellerId":null,"slug":"serums-physiologiques-et-sprays-nasaux","selected":false,"children":null,"layers":"\/navigation\/2490\/layers","link":"\/r\/hygiene-et-beaute\/premiers-soins\/serums-physiologiques-et-sprays-nasaux"},{"name":"Pr\u00e9servatifs et Gels lubrifiants","code":"R13F08SF03","id":"2491","type":"RAYON","picto":null,"level":3,"sellerId":null,"slug":"preservatifs-et-gels-lubrifiants","selected":false,"children":null,"layers":"\/navigation\/2491\/layers","link":"\/r\/hygiene-et-beaute\/premiers-soins\/preservatifs-et-gels-lubrifiants"},{"name":"Tests de grossesse","code":"R13F08SF04","id":"2492","type":"RAYON","picto":null,"level":3,"sellerId":null,"slug":"tests-de-grossesse","selected":false,"children":null,"layers":"\/navigation\/2492\/layers","link":"\/r\/hygiene-et-beaute\/premiers-soins\/tests-de-grossesse"},{"name":"Produits anti-moustiques","code":"R13F08SF05","id":"2493","type":"RAYON","picto":null,"level":3,"sellerId":null,"slug":"produits-anti-moustiques","selected":false,"children":null,"layers":"\/navigation\/2493\/layers","link":"\/r\/hygiene-et-beaute\/premiers-soins\/produits-anti-moustiques"},{"name":"Optique et Auditif","code":"R13F08SF06","id":"2494","type":"RAYON","picto":null,"level":3,"sellerId":null,"slug":"optique-et-auditif","selected":false,"children":null,"layers":"\/navigation\/2494\/layers","link":"\/r\/hygiene-et-beaute\/premiers-soins\/optique-et-auditif"}],"layers":"\/navigation\/2488\/layers","link":"\/r\/hygiene-et-beaute\/premiers-soins"},{"name":"Enfants","code":"R13F09","id":"2473","type":"RAYON","picto":"https:\/\/media.carrefour.fr\/medias\/7706eb94f1f33f72866ae1e634c4657b\/p_96x96\/2473.jpg","level":2,"sellerId":null,"slug":"enfants","selected":false,"children":[{"name":"Gels douche","code":"R13F09SF01","id":"2474","type":"RAYON","picto":null,"level":3,"sellerId":null,"slug":"gels-douche","selected":false,"children":null,"layers":"\/navigation\/2474\/layers","link":"\/r\/hygiene-et-beaute\/enfants\/gels-douche"},{"name":"Shampoings et D\u00e9m\u00ealants","code":"R13F09SF02","id":"2475","type":"RAYON","picto":null,"level":3,"sellerId":null,"slug":"shampoings-et-demelants","selected":false,"children":null,"layers":"\/navigation\/2475\/layers","link":"\/r\/hygiene-et-beaute\/enfants\/shampoings-et-demelants"},{"name":"Dentifrices et Brosses \u00e0 dents","code":"R13F09SF03","id":"2476","type":"RAYON","picto":null,"level":3,"sellerId":null,"slug":"dentifrices-et-brosses-a-dents","selected":false,"children":null,"layers":"\/navigation\/2476\/layers","link":"\/r\/hygiene-et-beaute\/enfants\/dentifrices-et-brosses-a-dents"},{"name":"Coffrets et Parfums","code":"R13F09SF04","id":"26013","type":"RAYON","picto":null,"level":3,"sellerId":null,"slug":"coffrets-et-parfums","selected":false,"children":null,"layers":"\/navigation\/26013\/layers","link":"\/r\/hygiene-et-beaute\/enfants\/coffrets-et-parfums"}],"layers":"\/navigation\/2473\/layers","link":"\/r\/hygiene-et-beaute\/enfants"},{"name":"Hommes","code":"R13F10","id":"2477","type":"RAYON","picto":"https:\/\/media.carrefour.fr\/medias\/04e5fa0dd3783b0895fba9536c3046c9\/p_96x96\/2477.jpg","level":2,"sellerId":null,"slug":"hommes","selected":false,"children":[{"name":"Rasage homme","code":"R13F10SF01","id":"2478","type":"RAYON","picto":null,"level":3,"sellerId":null,"slug":"rasage-homme","selected":false,"children":[{"name":"Rasoirs","code":"R13F10SF01SS01","id":"2479","type":"RAYON","picto":null,"level":4,"sellerId":null,"slug":"rasoirs","selected":false,"children":null,"layers":"\/navigation\/2479\/layers","link":"\/r\/hygiene-et-beaute\/hommes\/rasage-homme\/rasoirs"},{"name":"Lames","code":"R13F10SF01SS02","id":"2480","type":"RAYON","picto":null,"level":4,"sellerId":null,"slug":"lames","selected":false,"children":null,"layers":"\/navigation\/2480\/layers","link":"\/r\/hygiene-et-beaute\/hommes\/rasage-homme\/lames"},{"name":"Gels et Mousses","code":"R13F10SF01SS03","id":"2481","type":"RAYON","picto":null,"level":4,"sellerId":null,"slug":"gels-mousses","selected":false,"children":null,"layers":"\/navigation\/2481\/layers","link":"\/r\/hygiene-et-beaute\/hommes\/rasage-homme\/gels-mousses"},{"name":"Apr\u00e8s rasage et Soins de la barbe","code":"R13F10SF01SS04","id":"2482","type":"RAYON","picto":null,"level":4,"sellerId":null,"slug":"apres-rasage-et-soins-de-la-barbe","selected":false,"children":null,"layers":"\/navigation\/2482\/layers","link":"\/r\/hygiene-et-beaute\/hommes\/rasage-homme\/apres-rasage-et-soins-de-la-barbe"}],"layers":"\/navigation\/2478\/layers","link":"\/r\/hygiene-et-beaute\/hommes\/rasage-homme"},{"name":"Soins du visage homme","code":"R13F10SF02","id":"2483","type":"RAYON","picto":null,"level":3,"sellerId":null,"slug":"soins-du-visage-homme","selected":false,"children":null,"layers":"\/navigation\/2483\/layers","link":"\/r\/hygiene-et-beaute\/hommes\/soins-du-visage-homme"},{"name":"Gels douche homme","code":"R13F10SF03","id":"2484","type":"RAYON","picto":null,"level":3,"sellerId":null,"slug":"gels-douche-homme","selected":false,"children":null,"layers":"\/navigation\/2484\/layers","link":"\/r\/hygiene-et-beaute\/hommes\/gels-douche-homme"},{"name":"Shampoings homme","code":"R13F10SF04","id":"2485","type":"RAYON","picto":null,"level":3,"sellerId":null,"slug":"shampoings-homme","selected":false,"children":null,"layers":"\/navigation\/2485\/layers","link":"\/r\/hygiene-et-beaute\/hommes\/shampoings-homme"},{"name":"D\u00e9odorants homme","code":"R13F10SF05","id":"2486","type":"RAYON","picto":null,"level":3,"sellerId":null,"slug":"deodorants-hommes","selected":false,"children":null,"layers":"\/navigation\/2486\/layers","link":"\/r\/hygiene-et-beaute\/hommes\/deodorants-hommes"},{"name":"Gels et Cires","code":"R13F10SF06","id":"2487","type":"RAYON","picto":null,"level":3,"sellerId":null,"slug":"gels-et-cires","selected":false,"children":null,"layers":"\/navigation\/2487\/layers","link":"\/r\/hygiene-et-beaute\/hommes\/gels-et-cires"}],"layers":"\/navigation\/2477\/layers","link":"\/r\/hygiene-et-beaute\/hommes"},{"name":"Huiles essentielles","code":"R13F11","id":"2495","type":"RAYON","picto":"https:\/\/media.carrefour.fr\/medias\/1ec159e3756b367d852d99145d86afef\/p_96x96\/2495.jpg","level":2,"sellerId":null,"slug":"huiles-essentielles","selected":false,"children":null,"layers":"\/navigation\/2495\/layers","link":"\/r\/hygiene-et-beaute\/huiles-essentielles"},{"name":"Formats voyage","code":"R13F12","id":"2496","type":"RAYON","picto":"https:\/\/media.carrefour.fr\/medias\/de1809f0ff413e1397614bce068563e1\/p_96x96\/2496.jpg","level":2,"sellerId":null,"slug":"formats-voyage","selected":false,"children":null,"layers":"\/navigation\/2496\/layers","link":"\/r\/hygiene-et-beaute\/formats-voyage"}],"layers":"\/navigation\/2415\/layers","link":"\/r\/hygiene-et-beaute"},{"name":"Parapharmacie","code":"R14","id":"2497","type":"BOUTIQUE_BOUTIQUE","picto":"https:\/\/media.carrefour.fr\/medias\/c816b921c67a359c9d3b4a57897b7367\/p_96x96\/2497.jpg","level":1,"sellerId":null,"slug":"parapharmacie","selected":false,"children":[{"name":"Coffrets","code":"R14F02","id":"28606","type":"BOUTIQUE_BOUTIQUE","picto":null,"level":2,"sellerId":null,"slug":"coffrets","selected":false,"children":null,"prefix":"boutique","layers":"\/navigation\/28606\/layers","link":"\/boutique\/parapharmacie\/coffrets"},{"name":"Compl\u00e9ments alimentaires","code":"R14F02","id":"2567","type":"BOUTIQUE_BOUTIQUE","picto":"https:\/\/media.carrefour.fr\/medias\/50ee7ead6edb3f20a10eee9c526d1981\/p_96x96\/2567.jpg","level":2,"sellerId":null,"slug":"complements-alimentaires","selected":false,"children":[{"name":"Peau et Solaire","code":"R14F02SF01","id":"2568","type":"BOUTIQUE_BOUTIQUE","picto":null,"level":3,"sellerId":null,"slug":"peau-et-solaire","selected":false,"children":null,"prefix":"boutique","layers":"\/navigation\/2568\/layers","link":"\/boutique\/parapharmacie\/complements-alimentaires\/peau-et-solaire"},{"name":"Digestion et Transit","code":"R14F02SF02","id":"2569","type":"BOUTIQUE_BOUTIQUE","picto":null,"level":3,"sellerId":null,"slug":"digestion-et-transit","selected":false,"children":null,"prefix":"boutique","layers":"\/navigation\/2569\/layers","link":"\/boutique\/parapharmacie\/complements-alimentaires\/digestion-et-transit"},{"name":"Forme et Sant\u00e9","code":"R14F02SF03","id":"2570","type":"BOUTIQUE_BOUTIQUE","picto":null,"level":3,"sellerId":null,"slug":"forme-et-sante","selected":false,"children":[{"name":"Articulations","code":"R14F02SF03SS01","id":"2571","type":"BOUTIQUE_BOUTIQUE","picto":null,"level":4,"sellerId":null,"slug":"articulations","selected":false,"children":null,"prefix":"boutique","layers":"\/navigation\/2571\/layers","link":"\/boutique\/parapharmacie\/complements-alimentaires\/forme-et-sante\/articulations"},{"name":"Jambes et Circulation","code":"R14F02SF03SS02","id":"2572","type":"BOUTIQUE_BOUTIQUE","picto":null,"level":4,"sellerId":null,"slug":"jambes-et-circulation","selected":false,"children":null,"prefix":"boutique","layers":"\/navigation\/2572\/layers","link":"\/boutique\/parapharmacie\/complements-alimentaires\/forme-et-sante\/jambes-et-circulation"}],"prefix":"boutique","layers":"\/navigation\/2570\/layers","link":"\/boutique\/parapharmacie\/complements-alimentaires\/forme-et-sante"},{"name":"Cheveux et Ongles","code":"R14F01SF04","id":"2573","type":"BOUTIQUE_BOUTIQUE","picto":null,"level":3,"sellerId":null,"slug":"cheveux-et-ongles","selected":false,"children":null,"prefix":"boutique","layers":"\/navigation\/2573\/layers","link":"\/boutique\/parapharmacie\/complements-alimentaires\/cheveux-et-ongles"},{"name":"Huiles essentielles et Sprays","code":"R14F02SF05","id":"2574","type":"BOUTIQUE_BOUTIQUE","picto":null,"level":3,"sellerId":null,"slug":"huiles-essentielles-et-sprays","selected":false,"children":null,"prefix":"boutique","layers":"\/navigation\/2574\/layers","link":"\/boutique\/parapharmacie\/complements-alimentaires\/huiles-essentielles-et-sprays"},{"name":"Vitamines","code":"R14F02SF06","id":"2575","type":"BOUTIQUE_BOUTIQUE","picto":null,"level":3,"sellerId":null,"slug":"vitamines","selected":false,"children":null,"prefix":"boutique","layers":"\/navigation\/2575\/layers","link":"\/boutique\/parapharmacie\/complements-alimentaires\/vitamines"},{"name":"Minceur","code":"R14F02SF07","id":"2576","type":"BOUTIQUE_BOUTIQUE","picto":null,"level":3,"sellerId":null,"slug":"minceur","selected":false,"children":[{"name":"Capteurs et Bruleurs de graisse","code":"R14F02SF07SS01","id":"2577","type":"BOUTIQUE_BOUTIQUE","picto":null,"level":4,"sellerId":null,"slug":"capteurs-bruleurs-de-graisse","selected":false,"children":null,"prefix":"boutique","layers":"\/navigation\/2577\/layers","link":"\/boutique\/parapharmacie\/complements-alimentaires\/minceur\/capteurs-bruleurs-de-graisse"},{"name":"Drainage et Cellulite","code":"R14F02SF07SS02","id":"2578","type":"BOUTIQUE_BOUTIQUE","picto":null,"level":4,"sellerId":null,"slug":"drainage-et-cellulite","selected":false,"children":null,"prefix":"boutique","layers":"\/navigation\/2578\/layers","link":"\/boutique\/parapharmacie\/complements-alimentaires\/minceur\/drainage-et-cellulite"}],"prefix":"boutique","layers":"\/navigation\/2576\/layers","link":"\/boutique\/parapharmacie\/complements-alimentaires\/minceur"},{"name":"Sommeil et Stress","code":"R14F02SF08","id":"2579","type":"BOUTIQUE_BOUTIQUE","picto":null,"level":3,"sellerId":null,"slug":"sommeil-et-stress","selected":false,"children":null,"prefix":"boutique","layers":"\/navigation\/2579\/layers","link":"\/boutique\/parapharmacie\/complements-alimentaires\/sommeil-et-stress"}],"prefix":"boutique","layers":"\/navigation\/2567\/layers","link":"\/boutique\/parapharmacie\/complements-alimentaires"},{"name":"Corps","code":"R14F03","id":"2520","type":"BOUTIQUE_BOUTIQUE","picto":"https:\/\/media.carrefour.fr\/medias\/04d315781b183a7c849b0f7072b549ea\/p_96x96\/2520.jpg","level":2,"sellerId":null,"slug":"corps","selected":false,"children":[{"name":"Laits et Baumes hydratants","code":"R14F03SF01","id":"2521","type":"BOUTIQUE_BOUTIQUE","picto":null,"level":3,"sellerId":null,"slug":"laits-et-baumes-hydratants","selected":false,"children":null,"prefix":"boutique","layers":"\/navigation\/2521\/layers","link":"\/boutique\/parapharmacie\/corps\/laits-et-baumes-hydratants"},{"name":"Huiles corps et Cheveux","code":"R14F03SF02","id":"2522","type":"BOUTIQUE_BOUTIQUE","picto":null,"level":3,"sellerId":null,"slug":"huile-corps-et-cheveux","selected":false,"children":null,"prefix":"boutique","layers":"\/navigation\/2522\/layers","link":"\/boutique\/parapharmacie\/corps\/huile-corps-et-cheveux"},{"name":"Hygi\u00e8ne intime","code":"R14F03SF03","id":"2523","type":"BOUTIQUE_BOUTIQUE","picto":null,"level":3,"sellerId":null,"slug":"hygiene-intime","selected":false,"children":null,"prefix":"boutique","layers":"\/navigation\/2523\/layers","link":"\/boutique\/parapharmacie\/corps\/hygiene-intime"},{"name":"Parfums","code":"R14F03SF04","id":"2524","type":"BOUTIQUE_BOUTIQUE","picto":null,"level":3,"sellerId":null,"slug":"parfums","selected":false,"children":null,"prefix":"boutique","layers":"\/navigation\/2524\/layers","link":"\/boutique\/parapharmacie\/corps\/parfums"},{"name":"D\u00e9odorants mixtes","code":"R14F03SF05","id":"2525","type":"BOUTIQUE_BOUTIQUE","picto":null,"level":3,"sellerId":null,"slug":"deodorants-mixtes","selected":false,"children":null,"prefix":"boutique","layers":"\/navigation\/2525\/layers","link":"\/boutique\/parapharmacie\/corps\/deodorants-mixtes"},{"name":"Soins amincissants et raffermissants","code":"R14F03SF06","id":"2526","type":"BOUTIQUE_BOUTIQUE","picto":null,"level":3,"sellerId":null,"slug":"soins-amincissants-et-raffermissants","selected":false,"children":null,"prefix":"boutique","layers":"\/navigation\/2526\/layers","link":"\/boutique\/parapharmacie\/corps\/soins-amincissants-et-raffermissants"},{"name":"Vergetures, Pr\u00e9vention et R\u00e9paration","code":"R14F03SF07","id":"2527","type":"BOUTIQUE_BOUTIQUE","picto":null,"level":3,"sellerId":null,"slug":"vergetures-prevention-et-reparation","selected":false,"children":null,"prefix":"boutique","layers":"\/navigation\/2527\/layers","link":"\/boutique\/parapharmacie\/corps\/vergetures-prevention-et-reparation"},{"name":"Soin des mains et pieds","code":"R14F03SF08","id":"2528","type":"BOUTIQUE_BOUTIQUE","picto":null,"level":3,"sellerId":null,"slug":"soin-des-mains-et-pieds","selected":false,"children":null,"prefix":"boutique","layers":"\/navigation\/2528\/layers","link":"\/boutique\/parapharmacie\/corps\/soin-des-mains-et-pieds"},{"name":"D\u00e9pilatoires","code":"R14F03SF09","id":"2529","type":"BOUTIQUE_BOUTIQUE","picto":null,"level":3,"sellerId":null,"slug":"depilatoires","selected":false,"children":null,"prefix":"boutique","layers":"\/navigation\/2529\/layers","link":"\/boutique\/parapharmacie\/corps\/depilatoires"},{"name":"Gels douche et Savons","code":"R14F03SF10","id":"2530","type":"BOUTIQUE_BOUTIQUE","picto":null,"level":3,"sellerId":null,"slug":"gels-douche-savons","selected":false,"children":null,"prefix":"boutique","layers":"\/navigation\/2530\/layers","link":"\/boutique\/parapharmacie\/corps\/gels-douche-savons"}],"prefix":"boutique","layers":"\/navigation\/2520\/layers","link":"\/boutique\/parapharmacie\/corps"},{"name":"Dentaire","code":"R14F04","id":"2498","type":"BOUTIQUE_BOUTIQUE","picto":"https:\/\/media.carrefour.fr\/medias\/5ddb4dba06533c308b39a8e4daf07011\/p_96x96\/2498.jpg","level":2,"sellerId":null,"slug":"dentaire","selected":false,"children":[{"name":"Brosses \u00e0 dent et Dentifrices enfant","code":"R14F04SF01","id":"2499","type":"BOUTIQUE_BOUTIQUE","picto":null,"level":3,"sellerId":null,"slug":"brosses-a-dent-et-dentifrices-enfant","selected":false,"children":null,"prefix":"boutique","layers":"\/navigation\/2499\/layers","link":"\/boutique\/parapharmacie\/dentaire\/brosses-a-dent-et-dentifrices-enfant"},{"name":"Bains de bouche","code":"R14F04SF02","id":"2500","type":"BOUTIQUE_BOUTIQUE","picto":null,"level":3,"sellerId":null,"slug":"bain-de-bouche","selected":false,"children":null,"prefix":"boutique","layers":"\/navigation\/2500\/layers","link":"\/boutique\/parapharmacie\/dentaire\/bain-de-bouche"},{"name":"Brosses \u00e0 dent adulte et Brossettes","code":"R14F04SF03","id":"2501","type":"BOUTIQUE_BOUTIQUE","picto":null,"level":3,"sellerId":null,"slug":"brosses-a-dent-adulte-et-brossettes","selected":false,"children":null,"prefix":"boutique","layers":"\/navigation\/2501\/layers","link":"\/boutique\/parapharmacie\/dentaire\/brosses-a-dent-adulte-et-brossettes"},{"name":"Chewing gums, Pastilles et Kits voyage","code":"R14F04SF04","id":"2502","type":"BOUTIQUE_BOUTIQUE","picto":null,"level":3,"sellerId":null,"slug":"chewing-gums-pastilles-et-kits-voyage","selected":false,"children":null,"prefix":"boutique","layers":"\/navigation\/2502\/layers","link":"\/boutique\/parapharmacie\/dentaire\/chewing-gums-pastilles-et-kits-voyage"},{"name":"Dentifrices adulte","code":"R14F04SF05","id":"2503","type":"BOUTIQUE_BOUTIQUE","picto":null,"level":3,"sellerId":null,"slug":"dentifrice-adulte","selected":false,"children":[{"name":"Protection gencives","code":"R14F04SF05SS01","id":"2504","type":"BOUTIQUE_BOUTIQUE","picto":null,"level":4,"sellerId":null,"slug":"protection-gencives","selected":false,"children":null,"prefix":"boutique","layers":"\/navigation\/2504\/layers","link":"\/boutique\/parapharmacie\/dentaire\/dentifrice-adulte\/protection-gencives"},{"name":"Fraicheur","code":"R14F04SF05SS02","id":"2505","type":"BOUTIQUE_BOUTIQUE","picto":null,"level":4,"sellerId":null,"slug":"fraicheur","selected":false,"children":null,"prefix":"boutique","layers":"\/navigation\/2505\/layers","link":"\/boutique\/parapharmacie\/dentaire\/dentifrice-adulte\/fraicheur"},{"name":"Blancheur","code":"R14F04SF05SS03","id":"2506","type":"BOUTIQUE_BOUTIQUE","picto":null,"level":4,"sellerId":null,"slug":"blancheur","selected":false,"children":null,"prefix":"boutique","layers":"\/navigation\/2506\/layers","link":"\/boutique\/parapharmacie\/dentaire\/dentifrice-adulte\/blancheur"},{"name":"Sensible et Anti-caries","code":"R14F04SF05SS04","id":"2507","type":"BOUTIQUE_BOUTIQUE","picto":null,"level":4,"sellerId":null,"slug":"sensible-et-anti-caries","selected":false,"children":null,"prefix":"boutique","layers":"\/navigation\/2507\/layers","link":"\/boutique\/parapharmacie\/dentaire\/dentifrice-adulte\/sensible-et-anti-caries"}],"prefix":"boutique","layers":"\/navigation\/2503\/layers","link":"\/boutique\/parapharmacie\/dentaire\/dentifrice-adulte"}],"prefix":"boutique","layers":"\/navigation\/2498\/layers","link":"\/boutique\/parapharmacie\/dentaire"},{"name":"Capillaire","code":"R14F05","id":"2508","type":"BOUTIQUE_BOUTIQUE","picto":"https:\/\/media.carrefour.fr\/medias\/fad9abb0ee8a32b6bf98cd581e896551\/p_96x96\/2508.jpg","level":2,"sellerId":null,"slug":"capillaire","selected":false,"children":[{"name":"Coloration","code":"R14F05SF01","id":"2509","type":"BOUTIQUE_BOUTIQUE","picto":null,"level":3,"sellerId":null,"slug":"coloration","selected":false,"children":null,"prefix":"boutique","layers":"\/navigation\/2509\/layers","link":"\/boutique\/parapharmacie\/capillaire\/coloration"},{"name":"Anti poux","code":"R14F05SF02","id":"2510","type":"BOUTIQUE_BOUTIQUE","picto":null,"level":3,"sellerId":null,"slug":"anti-poux","selected":false,"children":null,"prefix":"boutique","layers":"\/navigation\/2510\/layers","link":"\/boutique\/parapharmacie\/capillaire\/anti-poux"},{"name":"Apr\u00e8s shampoings et Soins","code":"R14F05SF04","id":"2512","type":"BOUTIQUE_BOUTIQUE","picto":null,"level":3,"sellerId":null,"slug":"apres-shampoings-et-soins","selected":false,"children":null,"prefix":"boutique","layers":"\/navigation\/2512\/layers","link":"\/boutique\/parapharmacie\/capillaire\/apres-shampoings-et-soins"},{"name":"Shampoings","code":"R14F05SF05","id":"2513","type":"BOUTIQUE_BOUTIQUE","picto":null,"level":3,"sellerId":null,"slug":"shampoings","selected":false,"children":[{"name":"Cheveux normaux","code":"R14F05SF05SS01","id":"2514","type":"BOUTIQUE_BOUTIQUE","picto":null,"level":4,"sellerId":null,"slug":"cheveux-normaux","selected":false,"children":null,"prefix":"boutique","layers":"\/navigation\/2514\/layers","link":"\/boutique\/parapharmacie\/capillaire\/shampoings\/cheveux-normaux"},{"name":"Cheveux secs et color\u00e9s","code":"R14F05SF05SS02","id":"2515","type":"BOUTIQUE_BOUTIQUE","picto":null,"level":4,"sellerId":null,"slug":"cheveux-secs-et-colores","selected":false,"children":null,"prefix":"boutique","layers":"\/navigation\/2515\/layers","link":"\/boutique\/parapharmacie\/capillaire\/shampoings\/cheveux-secs-et-colores"},{"name":"Cheveux gras et volume","code":"R14F05SF05SS03","id":"2516","type":"BOUTIQUE_BOUTIQUE","picto":null,"level":4,"sellerId":null,"slug":"cheveux-gras-et-volume","selected":false,"children":null,"prefix":"boutique","layers":"\/navigation\/2516\/layers","link":"\/boutique\/parapharmacie\/capillaire\/shampoings\/cheveux-gras-et-volume"},{"name":"Anti-pelliculaire et Dermotraitant","code":"R14F05SF05SS04","id":"2517","type":"BOUTIQUE_BOUTIQUE","picto":null,"level":4,"sellerId":null,"slug":"anti-pelliculaire-et-dermotraitant","selected":false,"children":null,"prefix":"boutique","layers":"\/navigation\/2517\/layers","link":"\/boutique\/parapharmacie\/capillaire\/shampoings\/anti-pelliculaire-et-dermotraitant"},{"name":"Anti-chute","code":"R14F05SF05SS05","id":"2518","type":"BOUTIQUE_BOUTIQUE","picto":null,"level":4,"sellerId":null,"slug":"anti-chute","selected":false,"children":null,"prefix":"boutique","layers":"\/navigation\/2518\/layers","link":"\/boutique\/parapharmacie\/capillaire\/shampoings\/anti-chute"},{"name":"Shampoings secs","code":"R14F05SF05SS06","id":"2519","type":"BOUTIQUE_BOUTIQUE","picto":null,"level":4,"sellerId":null,"slug":"shampoings-secs","selected":false,"children":null,"prefix":"boutique","layers":"\/navigation\/2519\/layers","link":"\/boutique\/parapharmacie\/capillaire\/shampoings\/shampoings-secs"}],"prefix":"boutique","layers":"\/navigation\/2513\/layers","link":"\/boutique\/parapharmacie\/capillaire\/shampoings"}],"prefix":"boutique","layers":"\/navigation\/2508\/layers","link":"\/boutique\/parapharmacie\/capillaire"},{"name":"Visage","code":"R14F06","id":"2540","type":"BOUTIQUE_BOUTIQUE","picto":"https:\/\/media.carrefour.fr\/medias\/05fbc54c635c3b9496bbf47a09db569e\/p_96x96\/2540.jpg","level":2,"sellerId":null,"slug":"visage","selected":false,"children":[{"name":"Soins anti rougeurs et Soins d\u00e9pigmentant","code":"R14F06SF01","id":"2541","type":"BOUTIQUE_BOUTIQUE","picto":null,"level":3,"sellerId":null,"slug":"soins-anti-rougeurs-soins-depigmentants","selected":false,"children":null,"prefix":"boutique","layers":"\/navigation\/2541\/layers","link":"\/boutique\/parapharmacie\/visage\/soins-anti-rougeurs-soins-depigmentants"},{"name":"Nettoyants et D\u00e9maquillants","code":"R14F06SF02","id":"2542","type":"BOUTIQUE_BOUTIQUE","picto":null,"level":3,"sellerId":null,"slug":"nettoyants-et-demaquillants","selected":false,"children":null,"prefix":"boutique","layers":"\/navigation\/2542\/layers","link":"\/boutique\/parapharmacie\/visage\/nettoyants-et-demaquillants"},{"name":"Maquillage et Soins des l\u00e8vres","code":"R14F06SF03","id":"2543","type":"BOUTIQUE_BOUTIQUE","picto":null,"level":3,"sellerId":null,"slug":"maquillage-et-soins-des-levres","selected":false,"children":null,"prefix":"boutique","layers":"\/navigation\/2543\/layers","link":"\/boutique\/parapharmacie\/visage\/maquillage-et-soins-des-levres"},{"name":"Contours yeux et Correcteurs","code":"R14F06SF04","id":"2544","type":"BOUTIQUE_BOUTIQUE","picto":null,"level":3,"sellerId":null,"slug":"contours-yeux-correcteurs","selected":false,"children":null,"prefix":"boutique","layers":"\/navigation\/2544\/layers","link":"\/boutique\/parapharmacie\/visage\/contours-yeux-correcteurs"},{"name":"Soins anti-imperfections","code":"R14F06SF05","id":"2545","type":"BOUTIQUE_BOUTIQUE","picto":null,"level":3,"sellerId":null,"slug":"soins-anti-imperfections","selected":false,"children":[{"name":"Nettoyants, D\u00e9maquillants et Exfoliants","code":"R14F06SF05SS01","id":"2546","type":"BOUTIQUE_BOUTIQUE","picto":null,"level":4,"sellerId":null,"slug":"nettoyants-demaquillants-et-exfoliants","selected":false,"children":null,"prefix":"boutique","layers":"\/navigation\/2546\/layers","link":"\/boutique\/parapharmacie\/visage\/soins-anti-imperfections\/nettoyants-demaquillants-et-exfoliants"},{"name":"Soins cibl\u00e9s boutons et Masques","code":"R14F06SF05SS02","id":"2547","type":"BOUTIQUE_BOUTIQUE","picto":null,"level":4,"sellerId":null,"slug":"soins-cibles-boutons-et-masques","selected":false,"children":null,"prefix":"boutique","layers":"\/navigation\/2547\/layers","link":"\/boutique\/parapharmacie\/visage\/soins-anti-imperfections\/soins-cibles-boutons-et-masques"},{"name":"Soins hydratants et Matifiants","code":"R14F06SF05SS03","id":"2548","type":"BOUTIQUE_BOUTIQUE","picto":null,"level":4,"sellerId":null,"slug":"soins-hydratants-et-matifiants","selected":false,"children":null,"prefix":"boutique","layers":"\/navigation\/2548\/layers","link":"\/boutique\/parapharmacie\/visage\/soins-anti-imperfections\/soins-hydratants-et-matifiants"}],"prefix":"boutique","layers":"\/navigation\/2545\/layers","link":"\/boutique\/parapharmacie\/visage\/soins-anti-imperfections"},{"name":"S\u00e9rums visage","code":"R14F06SF06","id":"2549","type":"BOUTIQUE_BOUTIQUE","picto":null,"level":3,"sellerId":null,"slug":"serums-visage","selected":false,"children":null,"prefix":"boutique","layers":"\/navigation\/2549\/layers","link":"\/boutique\/parapharmacie\/visage\/serums-visage"},{"name":"Homme","code":"R14F06SF07","id":"2550","type":"BOUTIQUE_BOUTIQUE","picto":null,"level":3,"sellerId":null,"slug":"homme","selected":false,"children":null,"prefix":"boutique","layers":"\/navigation\/2550\/layers","link":"\/boutique\/parapharmacie\/visage\/homme"},{"name":"Soins hydratants et Masques","code":"R14F06SF08","id":"2551","type":"BOUTIQUE_BOUTIQUE","picto":null,"level":3,"sellerId":null,"slug":"soins-hydratants-et-masques","selected":false,"children":[{"name":"Masques","code":"R14F06SF08SS01","id":"2552","type":"BOUTIQUE_BOUTIQUE","picto":null,"level":4,"sellerId":null,"slug":"masques","selected":false,"children":null,"prefix":"boutique","layers":"\/navigation\/2552\/layers","link":"\/boutique\/parapharmacie\/visage\/soins-hydratants-et-masques\/masques"},{"name":"Peaux sensibles et irrit\u00e9es","code":"R14F06SF08SS02","id":"2553","type":"BOUTIQUE_BOUTIQUE","picto":null,"level":4,"sellerId":null,"slug":"peaux-sensibles-et-irritees","selected":false,"children":null,"prefix":"boutique","layers":"\/navigation\/2553\/layers","link":"\/boutique\/parapharmacie\/visage\/soins-hydratants-et-masques\/peaux-sensibles-et-irritees"},{"name":"Peaux s\u00e8ches \u00e0 tr\u00e8s s\u00e8ches","code":"R14F06SF08SS03","id":"2554","type":"BOUTIQUE_BOUTIQUE","picto":null,"level":4,"sellerId":null,"slug":"peaux-seches-a-tres-seches","selected":false,"children":null,"prefix":"boutique","layers":"\/navigation\/2554\/layers","link":"\/boutique\/parapharmacie\/visage\/soins-hydratants-et-masques\/peaux-seches-a-tres-seches"},{"name":"Peaux normales, mixtes et grasses","code":"R14F06SF08SS04","id":"2555","type":"BOUTIQUE_BOUTIQUE","picto":null,"level":4,"sellerId":null,"slug":"peaux-normales-mixtes-et-grasses","selected":false,"children":null,"prefix":"boutique","layers":"\/navigation\/2555\/layers","link":"\/boutique\/parapharmacie\/visage\/soins-hydratants-et-masques\/peaux-normales-mixtes-et-grasses"}],"prefix":"boutique","layers":"\/navigation\/2551\/layers","link":"\/boutique\/parapharmacie\/visage\/soins-hydratants-et-masques"},{"name":"Soins anti-rides","code":"R14F06SF09","id":"2556","type":"BOUTIQUE_BOUTIQUE","picto":null,"level":3,"sellerId":null,"slug":"soins-anti-rides","selected":false,"children":[{"name":"Cr\u00e8mes de nuit","code":"R14F06SF09SS01","id":"2557","type":"BOUTIQUE_BOUTIQUE","picto":null,"level":4,"sellerId":null,"slug":"cremes-de-nuit","selected":false,"children":null,"prefix":"boutique","layers":"\/navigation\/2557\/layers","link":"\/boutique\/parapharmacie\/visage\/soins-anti-rides\/cremes-de-nuit"},{"name":"Cr\u00e8mes de jour","code":"R14F06SF09SS02","id":"2558","type":"BOUTIQUE_BOUTIQUE","picto":null,"level":4,"sellerId":null,"slug":"cremes-de-jour","selected":false,"children":null,"prefix":"boutique","layers":"\/navigation\/2558\/layers","link":"\/boutique\/parapharmacie\/visage\/soins-anti-rides\/cremes-de-jour"}],"prefix":"boutique","layers":"\/navigation\/2556\/layers","link":"\/boutique\/parapharmacie\/visage\/soins-anti-rides"}],"prefix":"boutique","layers":"\/navigation\/2540\/layers","link":"\/boutique\/parapharmacie\/visage"},{"name":"1ers Soins","code":"R14F07","id":"2531","type":"BOUTIQUE_BOUTIQUE","picto":"https:\/\/media.carrefour.fr\/medias\/a3a3e1a5a72f3063982d9d230e52a8f2\/p_96x96\/2531.jpg","level":2,"sellerId":null,"slug":"1ers-soins","selected":false,"children":[{"name":"Douleurs et Maux","code":"R14F07SF01","id":"2532","type":"BOUTIQUE_BOUTIQUE","picto":null,"level":3,"sellerId":null,"slug":"douleurs-et-maux","selected":false,"children":null,"prefix":"boutique","layers":"\/navigation\/2532\/layers","link":"\/boutique\/parapharmacie\/1ers-soins\/douleurs-et-maux"},{"name":"Optique et Auditif","code":"R14F07SF02","id":"2533","type":"BOUTIQUE_BOUTIQUE","picto":null,"level":3,"sellerId":null,"slug":"optique-et-auditif","selected":false,"children":null,"prefix":"boutique","layers":"\/navigation\/2533\/layers","link":"\/boutique\/parapharmacie\/1ers-soins\/optique-et-auditif"},{"name":"D\u00e9sinfectants et Cicatrisants","code":"R14F07SF03","id":"2534","type":"BOUTIQUE_BOUTIQUE","picto":null,"level":3,"sellerId":null,"slug":"desinfectants-et-cicatrisants","selected":false,"children":null,"prefix":"boutique","layers":"\/navigation\/2534\/layers","link":"\/boutique\/parapharmacie\/1ers-soins\/desinfectants-et-cicatrisants"},{"name":"Thermom\u00e8tres et Tensiom\u00e8tres","code":"R14F07SF04","id":"2535","type":"BOUTIQUE_BOUTIQUE","picto":null,"level":3,"sellerId":null,"slug":"thermometre-et-tensiometre","selected":false,"children":null,"prefix":"boutique","layers":"\/navigation\/2535\/layers","link":"\/boutique\/parapharmacie\/1ers-soins\/thermometre-et-tensiometre"},{"name":"Pansements et Bandes","code":"R14F07SF05","id":"2536","type":"BOUTIQUE_BOUTIQUE","picto":null,"level":3,"sellerId":null,"slug":"pansement-et-bandes","selected":false,"children":null,"prefix":"boutique","layers":"\/navigation\/2536\/layers","link":"\/boutique\/parapharmacie\/1ers-soins\/pansement-et-bandes"},{"name":"Test de grossesse","code":"R14F07SF06","id":"2537","type":"BOUTIQUE_BOUTIQUE","picto":null,"level":3,"sellerId":null,"slug":"test-de-grossesse","selected":false,"children":null,"prefix":"boutique","layers":"\/navigation\/2537\/layers","link":"\/boutique\/parapharmacie\/1ers-soins\/test-de-grossesse"},{"name":"Gels bact\u00e9riens et assainissants","code":"R14F07SF07","id":"2538","type":"BOUTIQUE_BOUTIQUE","picto":null,"level":3,"sellerId":null,"slug":"gels-bacteriens-et-assainissants","selected":false,"children":null,"prefix":"boutique","layers":"\/navigation\/2538\/layers","link":"\/boutique\/parapharmacie\/1ers-soins\/gels-bacteriens-et-assainissants"},{"name":"Anti moustiques","code":"R14F07SF08","id":"2539","type":"BOUTIQUE_BOUTIQUE","picto":null,"level":3,"sellerId":null,"slug":"anti-moustique","selected":false,"children":null,"prefix":"boutique","layers":"\/navigation\/2539\/layers","link":"\/boutique\/parapharmacie\/1ers-soins\/anti-moustique"}],"prefix":"boutique","layers":"\/navigation\/2531\/layers","link":"\/boutique\/parapharmacie\/1ers-soins"},{"name":"Solaire","code":"R14F08","id":"2559","type":"BOUTIQUE_BOUTIQUE","picto":"https:\/\/media.carrefour.fr\/medias\/cfe480392197331e97b8435829743c9c\/p_96x96\/2559.jpg","level":2,"sellerId":null,"slug":"solaire","selected":false,"children":[{"name":"Cr\u00e8me solaire","code":"R14F08SF01","id":"2560","type":"BOUTIQUE_BOUTIQUE","picto":null,"level":3,"sellerId":null,"slug":"creme-solaire","selected":false,"children":[{"name":"Protection moyenne SPF 30","code":"R14F08SF01SS01","id":"2561","type":"BOUTIQUE_BOUTIQUE","picto":null,"level":4,"sellerId":null,"slug":"protection-moyenne-spf-30","selected":false,"children":null,"prefix":"boutique","layers":"\/navigation\/2561\/layers","link":"\/boutique\/parapharmacie\/solaire\/creme-solaire\/protection-moyenne-spf-30"},{"name":"Protection haute SPF 50 et plus","code":"R14F08SF01SS02","id":"2562","type":"BOUTIQUE_BOUTIQUE","picto":null,"level":4,"sellerId":null,"slug":"protection-haute-spf-50-et","selected":false,"children":null,"prefix":"boutique","layers":"\/navigation\/2562\/layers","link":"\/boutique\/parapharmacie\/solaire\/creme-solaire\/protection-haute-spf-50-et"},{"name":"Protection enfant","code":"R14F08SF01SS03","id":"2563","type":"BOUTIQUE_BOUTIQUE","picto":null,"level":4,"sellerId":null,"slug":"protection-enfant","selected":false,"children":null,"prefix":"boutique","layers":"\/navigation\/2563\/layers","link":"\/boutique\/parapharmacie\/solaire\/creme-solaire\/protection-enfant"},{"name":"Protection faible SPF 20","code":"R14F08SF01SS04","id":"2564","type":"BOUTIQUE_BOUTIQUE","picto":null,"level":4,"sellerId":null,"slug":"protection-faible-spf-20","selected":false,"children":null,"prefix":"boutique","layers":"\/navigation\/2564\/layers","link":"\/boutique\/parapharmacie\/solaire\/creme-solaire\/protection-faible-spf-20"}],"prefix":"boutique","layers":"\/navigation\/2560\/layers","link":"\/boutique\/parapharmacie\/solaire\/creme-solaire"},{"name":"Apr\u00e8s soleil","code":"R14F08SF02","id":"2565","type":"BOUTIQUE_BOUTIQUE","picto":null,"level":3,"sellerId":null,"slug":"apres-soleil","selected":false,"children":null,"prefix":"boutique","layers":"\/navigation\/2565\/layers","link":"\/boutique\/parapharmacie\/solaire\/apres-soleil"},{"name":"Autobronzants et Protection solaire capillaire","code":"R14F08SF03","id":"2566","type":"BOUTIQUE_BOUTIQUE","picto":null,"level":3,"sellerId":null,"slug":"autobronzants-et-protection-solaire-capillaire","selected":false,"children":null,"prefix":"boutique","layers":"\/navigation\/2566\/layers","link":"\/boutique\/parapharmacie\/solaire\/autobronzants-et-protection-solaire-capillaire"}],"prefix":"boutique","layers":"\/navigation\/2559\/layers","link":"\/boutique\/parapharmacie\/solaire"},{"name":"B\u00e9b\u00e9","code":"R14F09","id":"2580","type":"BOUTIQUE_BOUTIQUE","picto":"https:\/\/media.carrefour.fr\/medias\/955aa5de65013f6db745981588cc8d13\/p_96x96\/2580.jpg","level":2,"sellerId":null,"slug":"bebe","selected":false,"children":[{"name":"Futures et jeunes mamans","code":"R14F09SF01","id":"2581","type":"BOUTIQUE_BOUTIQUE","picto":null,"level":3,"sellerId":null,"slug":"futures-et-jeunes-mamans","selected":false,"children":null,"prefix":"boutique","layers":"\/navigation\/2581\/layers","link":"\/boutique\/parapharmacie\/bebe\/futures-et-jeunes-mamans"},{"name":"Biberons, T\u00e9tines, Allaitement et Goupillons","code":"R14F09SF02","id":"2582","type":"BOUTIQUE_BOUTIQUE","picto":null,"level":3,"sellerId":null,"slug":"biberons-tetines-allaitement-et-goupillons","selected":false,"children":null,"prefix":"boutique","layers":"\/navigation\/2582\/layers","link":"\/boutique\/parapharmacie\/bebe\/biberons-tetines-allaitement-et-goupillons"},{"name":"Toilette b\u00e9b\u00e9","code":"R14F09SF03","id":"2583","type":"BOUTIQUE_BOUTIQUE","picto":null,"level":3,"sellerId":null,"slug":"toilette-bebe","selected":false,"children":[{"name":"Soins hydratants et Cr\u00e8mes de change","code":"R14F09SF03SS01","id":"2584","type":"BOUTIQUE_BOUTIQUE","picto":null,"level":4,"sellerId":null,"slug":"soins-hydratants-et-cremes-de-change","selected":false,"children":null,"prefix":"boutique","layers":"\/navigation\/2584\/layers","link":"\/boutique\/parapharmacie\/bebe\/toilette-bebe\/soins-hydratants-et-cremes-de-change"},{"name":"Lingettes et Liniments","code":"R14F09SF03SS02","id":"2585","type":"BOUTIQUE_BOUTIQUE","picto":null,"level":4,"sellerId":null,"slug":"lingettes-et-liniments","selected":false,"children":null,"prefix":"boutique","layers":"\/navigation\/2585\/layers","link":"\/boutique\/parapharmacie\/bebe\/toilette-bebe\/lingettes-et-liniments"},{"name":"Laits de toilette et Parfums","code":"R14F09SF03SS03","id":"2586","type":"BOUTIQUE_BOUTIQUE","picto":null,"level":4,"sellerId":null,"slug":"lait-de-toilette-et-parfums","selected":false,"children":null,"prefix":"boutique","layers":"\/navigation\/2586\/layers","link":"\/boutique\/parapharmacie\/bebe\/toilette-bebe\/lait-de-toilette-et-parfums"},{"name":"Gels lavants et Eaux nettoyantes","code":"R14F09SF03SS04","id":"2587","type":"BOUTIQUE_BOUTIQUE","picto":null,"level":4,"sellerId":null,"slug":"gels-lavants-et-eaux-nettoyantes","selected":false,"children":null,"prefix":"boutique","layers":"\/navigation\/2587\/layers","link":"\/boutique\/parapharmacie\/bebe\/toilette-bebe\/gels-lavants-et-eaux-nettoyantes"},{"name":"S\u00e9rum physiologique et Sprays nasaux","code":"R14F09SF03SS05","id":"2588","type":"BOUTIQUE_BOUTIQUE","picto":null,"level":4,"sellerId":null,"slug":"serum-physiologique-et-sprays-nasaux","selected":false,"children":null,"prefix":"boutique","layers":"\/navigation\/2588\/layers","link":"\/boutique\/parapharmacie\/bebe\/toilette-bebe\/serum-physiologique-et-sprays-nasaux"}],"prefix":"boutique","layers":"\/navigation\/2583\/layers","link":"\/boutique\/parapharmacie\/bebe\/toilette-bebe"}],"prefix":"boutique","layers":"\/navigation\/2580\/layers","link":"\/boutique\/parapharmacie\/bebe"}],"layers":"\/navigation\/2497\/layers","link":"\/boutique\/parapharmacie"},{"name":"Entretien et Nettoyage","code":"R15","id":"2589","type":"RAYON","picto":"https:\/\/media.carrefour.fr\/medias\/4334cdd14c8735afb0f595215f1efe1c\/p_96x96\/2589.jpg","level":1,"sellerId":null,"slug":"entretien-et-nettoyage","selected":false,"children":[{"name":"Lessives et Soin du linge","code":"R15F02","id":"2590","type":"RAYON","picto":"https:\/\/media.carrefour.fr\/medias\/a98098c7e6313e62910786b7438c618e\/p_96x96\/2590.jpg","level":2,"sellerId":null,"slug":"lessives-et-soin-du-linge","selected":false,"children":[{"name":"Soin du linge","code":"R15F02SF01","id":"2597","type":"RAYON","picto":null,"level":3,"sellerId":null,"slug":"soin-du-linge","selected":false,"children":[{"name":"D\u00e9tachants et Anti-d\u00e9coloration","code":"R15F02SF01SS01","id":"2598","type":"RAYON","picto":null,"level":4,"sellerId":null,"slug":"detachants-et-anti-decoloration","selected":false,"children":null,"layers":"\/navigation\/2598\/layers","link":"\/r\/entretien-et-nettoyage\/lessives-et-soin-du-linge\/soin-du-linge\/detachants-et-anti-decoloration"},{"name":"D\u00e9sinfectants et D\u00e9sodorisants","code":"R15F02SF01SS02","id":"2599","type":"RAYON","picto":null,"level":4,"sellerId":null,"slug":"desinfectants-et-desodorisants","selected":false,"children":null,"layers":"\/navigation\/2599\/layers","link":"\/r\/entretien-et-nettoyage\/lessives-et-soin-du-linge\/soin-du-linge\/desinfectants-et-desodorisants"},{"name":"Entretien du lave-linge","code":"R15F02SF01SS03","id":"2600","type":"RAYON","picto":null,"level":4,"sellerId":null,"slug":"entretien-du-lave-linge","selected":false,"children":null,"layers":"\/navigation\/2600\/layers","link":"\/r\/entretien-et-nettoyage\/lessives-et-soin-du-linge\/soin-du-linge\/entretien-du-lave-linge"},{"name":"Aide au repassage","code":"R15F02SF01SS04","id":"2601","type":"RAYON","picto":null,"level":4,"sellerId":null,"slug":"aide-au-repassage","selected":false,"children":null,"layers":"\/navigation\/2601\/layers","link":"\/r\/entretien-et-nettoyage\/lessives-et-soin-du-linge\/soin-du-linge\/aide-au-repassage"},{"name":"Teintures","code":"R15F02SF01SS05","id":"2602","type":"RAYON","picto":null,"level":4,"sellerId":null,"slug":"teintures","selected":false,"children":null,"layers":"\/navigation\/2602\/layers","link":"\/r\/entretien-et-nettoyage\/lessives-et-soin-du-linge\/soin-du-linge\/teintures"}],"layers":"\/navigation\/2597\/layers","link":"\/r\/entretien-et-nettoyage\/lessives-et-soin-du-linge\/soin-du-linge"},{"name":"Lessives","code":"R15F02SF02","id":"2591","type":"RAYON","picto":null,"level":3,"sellerId":null,"slug":"lessives","selected":false,"children":[{"name":"Tablettes et Capsules","code":"R15F02SF02SS01","id":"2592","type":"RAYON","picto":null,"level":4,"sellerId":null,"slug":"tablettes-et-capsules","selected":false,"children":null,"layers":"\/navigation\/2592\/layers","link":"\/r\/entretien-et-nettoyage\/lessives-et-soin-du-linge\/lessives\/tablettes-et-capsules"},{"name":"Liquides","code":"R15F02SF02SS02","id":"2593","type":"RAYON","picto":null,"level":4,"sellerId":null,"slug":"liquides","selected":false,"children":null,"layers":"\/navigation\/2593\/layers","link":"\/r\/entretien-et-nettoyage\/lessives-et-soin-du-linge\/lessives\/liquides"},{"name":"Poudres","code":"R15F02SF02SS03","id":"2594","type":"RAYON","picto":null,"level":4,"sellerId":null,"slug":"poudres","selected":false,"children":null,"layers":"\/navigation\/2594\/layers","link":"\/r\/entretien-et-nettoyage\/lessives-et-soin-du-linge\/lessives\/poudres"},{"name":"Sp\u00e9cifiques","code":"R15F02SF02SS04","id":"2595","type":"RAYON","picto":null,"level":4,"sellerId":null,"slug":"specifiques","selected":false,"children":null,"layers":"\/navigation\/2595\/layers","link":"\/r\/entretien-et-nettoyage\/lessives-et-soin-du-linge\/lessives\/specifiques"}],"layers":"\/navigation\/2591\/layers","link":"\/r\/entretien-et-nettoyage\/lessives-et-soin-du-linge\/lessives"},{"name":"Adoucissants","code":"R15F02SF03","id":"2596","type":"RAYON","picto":null,"level":3,"sellerId":null,"slug":"adoucissants","selected":false,"children":null,"layers":"\/navigation\/2596\/layers","link":"\/r\/entretien-et-nettoyage\/lessives-et-soin-du-linge\/adoucissants"}],"layers":"\/navigation\/2590\/layers","link":"\/r\/entretien-et-nettoyage\/lessives-et-soin-du-linge"},{"name":"Produits nettoyants","code":"R15F03","id":"2603","type":"RAYON","picto":"https:\/\/media.carrefour.fr\/medias\/c58df76611f130a7a4833d2c1a26a98a\/p_96x96\/2603.jpg","level":2,"sellerId":null,"slug":"produits-nettoyants","selected":false,"children":[{"name":"Multi-usages","code":"R15F03SF01","id":"2604","type":"RAYON","picto":null,"level":3,"sellerId":null,"slug":"multi-usages","selected":false,"children":null,"layers":"\/navigation\/2604\/layers","link":"\/r\/entretien-et-nettoyage\/produits-nettoyants\/multi-usages"},{"name":"Lingettes et Plumeaux","code":"R15F03SF02","id":"2605","type":"RAYON","picto":null,"level":3,"sellerId":null,"slug":"lingettes-et-plumeaux","selected":false,"children":null,"layers":"\/navigation\/2605\/layers","link":"\/r\/entretien-et-nettoyage\/produits-nettoyants\/lingettes-et-plumeaux"},{"name":"Cuisine et Salle de bain","code":"R15F03SF03","id":"2606","type":"RAYON","picto":null,"level":3,"sellerId":null,"slug":"cuisine-et-salle-de-bain","selected":false,"children":null,"layers":"\/navigation\/2606\/layers","link":"\/r\/entretien-et-nettoyage\/produits-nettoyants\/cuisine-et-salle-de-bain"},{"name":"Produits WC et Eaux de Javel","code":"R15F03SF04","id":"2607","type":"RAYON","picto":null,"level":3,"sellerId":null,"slug":"produits-wc-et-eaux-de-javel","selected":false,"children":null,"layers":"\/navigation\/2607\/layers","link":"\/r\/entretien-et-nettoyage\/produits-nettoyants\/produits-wc-et-eaux-de-javel"},{"name":"Vitres et Meubles","code":"R15F03SF05","id":"2608","type":"RAYON","picto":null,"level":3,"sellerId":null,"slug":"vitres-et-meubles","selected":false,"children":null,"layers":"\/navigation\/2608\/layers","link":"\/r\/entretien-et-nettoyage\/produits-nettoyants\/vitres-et-meubles"},{"name":"Sols","code":"R15F03SF06","id":"2609","type":"RAYON","picto":null,"level":3,"sellerId":null,"slug":"sols","selected":false,"children":null,"layers":"\/navigation\/2609\/layers","link":"\/r\/entretien-et-nettoyage\/produits-nettoyants\/sols"},{"name":"D\u00e9boucheurs","code":"R15F03SF07","id":"2610","type":"RAYON","picto":null,"level":3,"sellerId":null,"slug":"deboucheurs","selected":false,"children":null,"layers":"\/navigation\/2610\/layers","link":"\/r\/entretien-et-nettoyage\/produits-nettoyants\/deboucheurs"}],"layers":"\/navigation\/2603\/layers","link":"\/r\/entretien-et-nettoyage\/produits-nettoyants"},{"name":"Nettoyants vaisselle","code":"R15F04","id":"2611","type":"RAYON","picto":"https:\/\/media.carrefour.fr\/medias\/7f43c69ca87e3da78cbe1413a1b61902\/p_96x96\/2611.jpg","level":2,"sellerId":null,"slug":"nettoyants-vaisselle","selected":false,"children":[{"name":"Tablettes et Gels de lavage","code":"R15F04SF01","id":"2612","type":"RAYON","picto":null,"level":3,"sellerId":null,"slug":"tablettes-et-gels-de-lavage","selected":false,"children":null,"layers":"\/navigation\/2612\/layers","link":"\/r\/entretien-et-nettoyage\/nettoyants-vaisselle\/tablettes-et-gels-de-lavage"},{"name":"Liquides vaisselle","code":"R15F04SF02","id":"2613","type":"RAYON","picto":null,"level":3,"sellerId":null,"slug":"liquides-vaisselle","selected":false,"children":null,"layers":"\/navigation\/2613\/layers","link":"\/r\/entretien-et-nettoyage\/nettoyants-vaisselle\/liquides-vaisselle"},{"name":"Eponges","code":"R15F04SF03","id":"2614","type":"RAYON","picto":null,"level":3,"sellerId":null,"slug":"eponges","selected":false,"children":null,"layers":"\/navigation\/2614\/layers","link":"\/r\/entretien-et-nettoyage\/nettoyants-vaisselle\/eponges"},{"name":"Entretien lave-vaisselle","code":"R15F04SF04","id":"2615","type":"RAYON","picto":null,"level":3,"sellerId":null,"slug":"entretien-lave-vaisselle","selected":false,"children":null,"layers":"\/navigation\/2615\/layers","link":"\/r\/entretien-et-nettoyage\/nettoyants-vaisselle\/entretien-lave-vaisselle"}],"layers":"\/navigation\/2611\/layers","link":"\/r\/entretien-et-nettoyage\/nettoyants-vaisselle"},{"name":"Essuie-tout, Papier toilette et Mouchoirs","code":"R15F05","id":"2616","type":"RAYON","picto":"https:\/\/media.carrefour.fr\/medias\/981ad72375ae3225b61664470865ad1c\/p_96x96\/2616.jpg","level":2,"sellerId":null,"slug":"essuie-tout-papier-toilette-et-mouchoirs","selected":false,"children":[{"name":"Papier WC","code":"R15F05SF01","id":"2617","type":"RAYON","picto":null,"level":3,"sellerId":null,"slug":"papier-wc","selected":false,"children":null,"layers":"\/navigation\/2617\/layers","link":"\/r\/entretien-et-nettoyage\/essuie-tout-papier-toilette-et-mouchoirs\/papier-wc"},{"name":"Essuie-tout","code":"R15F05SF02","id":"2618","type":"RAYON","picto":null,"level":3,"sellerId":null,"slug":"essuie-tout","selected":false,"children":null,"layers":"\/navigation\/2618\/layers","link":"\/r\/entretien-et-nettoyage\/essuie-tout-papier-toilette-et-mouchoirs\/essuie-tout"},{"name":"Mouchoirs","code":"R15F05SF03","id":"2619","type":"RAYON","picto":null,"level":3,"sellerId":null,"slug":"mouchoirs","selected":false,"children":null,"layers":"\/navigation\/2619\/layers","link":"\/r\/entretien-et-nettoyage\/essuie-tout-papier-toilette-et-mouchoirs\/mouchoirs"}],"layers":"\/navigation\/2616\/layers","link":"\/r\/entretien-et-nettoyage\/essuie-tout-papier-toilette-et-mouchoirs"},{"name":"D\u00e9sodorisants","code":"R15F06","id":"2620","type":"RAYON","picto":"https:\/\/media.carrefour.fr\/medias\/463f90f3e88738af84713abbc010e99c\/p_96x96\/2620.jpg","level":2,"sellerId":null,"slug":"desodorisants","selected":false,"children":null,"layers":"\/navigation\/2620\/layers","link":"\/r\/entretien-et-nettoyage\/desodorisants"},{"name":"Insecticides","code":"R15F07","id":"2621","type":"RAYON","picto":"https:\/\/media.carrefour.fr\/medias\/80a0194ef91e3522acc1f044fa476349\/p_96x96\/2621.jpg","level":2,"sellerId":null,"slug":"insecticides","selected":false,"children":null,"layers":"\/navigation\/2621\/layers","link":"\/r\/entretien-et-nettoyage\/insecticides"},{"name":"Accessoires de m\u00e9nage","code":"R15F08","id":"2622","type":"RAYON","picto":"https:\/\/media.carrefour.fr\/medias\/7f492f3406a9364eb755e9b5f88bedc3\/p_96x96\/2622.jpg","level":2,"sellerId":null,"slug":"accessoires-de-menage","selected":false,"children":[{"name":"Balais, Seaux et Serpill\u00e8res","code":"R15F08SF01","id":"2623","type":"RAYON","picto":null,"level":3,"sellerId":null,"slug":"balais-seaux-serpilleres","selected":false,"children":null,"layers":"\/navigation\/2623\/layers","link":"\/r\/entretien-et-nettoyage\/accessoires-de-menage\/balais-seaux-serpilleres"},{"name":"Gants","code":"R15F08SF02","id":"2624","type":"RAYON","picto":null,"level":3,"sellerId":null,"slug":"gants","selected":false,"children":null,"layers":"\/navigation\/2624\/layers","link":"\/r\/entretien-et-nettoyage\/accessoires-de-menage\/gants"},{"name":"Sacs aspirateur","code":"R15F08SF03","id":"2625","type":"RAYON","picto":null,"level":3,"sellerId":null,"slug":"sacs-aspirateur","selected":false,"children":null,"layers":"\/navigation\/2625\/layers","link":"\/r\/entretien-et-nettoyage\/accessoires-de-menage\/sacs-aspirateur"},{"name":"Sacs poubelle","code":"R15F08SF04","id":"2626","type":"RAYON","picto":null,"level":3,"sellerId":null,"slug":"sacs-poubelle","selected":false,"children":null,"layers":"\/navigation\/2626\/layers","link":"\/r\/entretien-et-nettoyage\/accessoires-de-menage\/sacs-poubelle"}],"layers":"\/navigation\/2622\/layers","link":"\/r\/entretien-et-nettoyage\/accessoires-de-menage"}],"layers":"\/navigation\/2589\/layers","link":"\/r\/entretien-et-nettoyage"},{"name":"Animaux","code":"R16","id":"2627","type":"RAYON","picto":"https:\/\/media.carrefour.fr\/medias\/bdddf56ce03e39c0b46a4e471b82d9ec\/p_96x96\/2627.jpg","level":1,"sellerId":null,"slug":"animaux","selected":false,"children":[{"name":"Chats","code":"R16F02","id":"2628","type":"RAYON","picto":"https:\/\/media.carrefour.fr\/medias\/1315956b8fa23940b9f27dc576e255c1\/p_96x96\/2628.jpg","level":2,"sellerId":null,"slug":"chats","selected":false,"children":[{"name":"Sachets repas","code":"R16F02SF01","id":"2629","type":"RAYON","picto":null,"level":3,"sellerId":null,"slug":"sachets-repas","selected":false,"children":null,"layers":"\/navigation\/2629\/layers","link":"\/r\/animaux\/chats\/sachets-repas"},{"name":"Bo\u00eetes et barquettes chats","code":"R16F02SF02","id":"2630","type":"RAYON","picto":null,"level":3,"sellerId":null,"slug":"boites-et-barquettes-chats","selected":false,"children":null,"layers":"\/navigation\/2630\/layers","link":"\/r\/animaux\/chats\/boites-et-barquettes-chats"},{"name":"Croquettes chats","code":"R16F02SF03","id":"2631","type":"RAYON","picto":null,"level":3,"sellerId":null,"slug":"croquettes-chats","selected":false,"children":null,"layers":"\/navigation\/2631\/layers","link":"\/r\/animaux\/chats\/croquettes-chats"},{"name":"Friandises et laits","code":"R16F02SF04","id":"2632","type":"RAYON","picto":null,"level":3,"sellerId":null,"slug":"friandises-et-laits","selected":false,"children":null,"layers":"\/navigation\/2632\/layers","link":"\/r\/animaux\/chats\/friandises-et-laits"},{"name":"Liti\u00e8re et accessoires","code":"R16F02SF05","id":"2633","type":"RAYON","picto":null,"level":3,"sellerId":null,"slug":"litiere-et-accessoires","selected":false,"children":null,"layers":"\/navigation\/2633\/layers","link":"\/r\/animaux\/chats\/litiere-et-accessoires"}],"layers":"\/navigation\/2628\/layers","link":"\/r\/animaux\/chats"},{"name":"Chiens","code":"R16F03","id":"2634","type":"RAYON","picto":"https:\/\/media.carrefour.fr\/medias\/322f9bdc092432c1870b533ea9c7b6ad\/p_96x96\/2634.jpg","level":2,"sellerId":null,"slug":"chiens","selected":false,"children":[{"name":"R\u00e9compenses et hygi\u00e8ne dentaire","code":"R16F03SF01","id":"2635","type":"RAYON","picto":null,"level":3,"sellerId":null,"slug":"recompenses-et-hygiene-dentaire","selected":false,"children":null,"layers":"\/navigation\/2635\/layers","link":"\/r\/animaux\/chiens\/recompenses-et-hygiene-dentaire"},{"name":"Bo\u00eetes et barquettes chiens","code":"R16F03SF02","id":"2636","type":"RAYON","picto":null,"level":3,"sellerId":null,"slug":"boites-et-barquettes-chiens","selected":false,"children":null,"layers":"\/navigation\/2636\/layers","link":"\/r\/animaux\/chiens\/boites-et-barquettes-chiens"},{"name":"Croquettes chiens","code":"R16F03SF03","id":"2637","type":"RAYON","picto":null,"level":3,"sellerId":null,"slug":"croquettes-chiens","selected":false,"children":null,"layers":"\/navigation\/2637\/layers","link":"\/r\/animaux\/chiens\/croquettes-chiens"},{"name":"Hygi\u00e8ne, soins et accessoires","code":"R16F03SF04","id":"2638","type":"RAYON","picto":null,"level":3,"sellerId":null,"slug":"hygiene-soins-et-accessoires","selected":false,"children":null,"layers":"\/navigation\/2638\/layers","link":"\/r\/animaux\/chiens\/hygiene-soins-et-accessoires"}],"layers":"\/navigation\/2634\/layers","link":"\/r\/animaux\/chiens"},{"name":"Autres animaux","code":"R16F04","id":"2639","type":"RAYON","picto":"https:\/\/media.carrefour.fr\/medias\/10282e5b9fcc347487b4f1f4e5dd8473\/p_96x96\/2639.jpg","level":2,"sellerId":null,"slug":"autres-animaux","selected":false,"children":[{"name":"Oiseaux et poules","code":"R16F04SF01","id":"2640","type":"RAYON","picto":null,"level":3,"sellerId":null,"slug":"oiseaux-et-poules","selected":false,"children":null,"layers":"\/navigation\/2640\/layers","link":"\/r\/animaux\/autres-animaux\/oiseaux-et-poules"},{"name":"Poissons, rongeurs et autres","code":"R16F04SF02","id":"2641","type":"RAYON","picto":null,"level":3,"sellerId":null,"slug":"poissons-rongeurs-et-autres","selected":false,"children":null,"layers":"\/navigation\/2641\/layers","link":"\/r\/animaux\/autres-animaux\/poissons-rongeurs-et-autres"}],"layers":"\/navigation\/2639\/layers","link":"\/r\/animaux\/autres-animaux"}],"layers":"\/navigation\/2627\/layers","link":"\/r\/animaux"},{"name":"Electrom\u00e9nager","code":"R17","id":"26016","type":"RAYON","picto":"https:\/\/media.carrefour.fr\/medias\/c17c67e5f52932fe934e3d7d3dc42e33\/p_96x96\/26016.jpg","level":1,"sellerId":null,"slug":"electromenager","selected":false,"children":[{"name":"Soin du linge","code":"R17F01","id":"26032","type":"RAYON","picto":null,"level":2,"sellerId":null,"slug":"soin-linge","selected":false,"children":[{"name":"Fers \u00e0 repasser","code":"R17F01SF01","id":"26205","type":"RAYON","picto":null,"level":3,"sellerId":null,"slug":"fers-a-repasser","selected":false,"children":null,"layers":"\/navigation\/26205\/layers","link":"\/r\/electromenager\/soin-linge\/fers-a-repasser"},{"name":"Centrales vapeur","code":"R17F01SF02","id":"26206","type":"RAYON","picto":null,"level":3,"sellerId":null,"slug":"centrales-vapeur","selected":false,"children":null,"layers":"\/navigation\/26206\/layers","link":"\/r\/electromenager\/soin-linge\/centrales-vapeur"},{"name":"D\u00e9froisseurs","code":"R17F01SF03","id":"26208","type":"RAYON","picto":null,"level":3,"sellerId":null,"slug":"defroisseurs","selected":false,"children":null,"layers":"\/navigation\/26208\/layers","link":"\/r\/electromenager\/soin-linge\/defroisseurs"},{"name":"Machines \u00e0 coudre","code":"R17F01SF04","id":"26210","type":"RAYON","picto":null,"level":3,"sellerId":null,"slug":"machines-a-coudre","selected":false,"children":null,"layers":"\/navigation\/26210\/layers","link":"\/r\/electromenager\/soin-linge\/machines-a-coudre"}],"layers":"\/navigation\/26032\/layers","link":"\/r\/electromenager\/soin-linge"},{"name":"Cuisson et Robots","code":"R17F02","id":"26027","type":"RAYON","picto":null,"level":2,"sellerId":null,"slug":"cuisson-robot","selected":false,"children":[{"name":"Cuisson conviviale","code":"R17F02SF01","id":"26169","type":"RAYON","picto":null,"level":3,"sellerId":null,"slug":"cuisson-conviviale","selected":false,"children":[{"name":"Appareils \u00e0 raclette","code":"R17F02SF01SS01","id":"26439","type":"RAYON","picto":null,"level":4,"sellerId":null,"slug":"appareils-a-raclette","selected":false,"children":null,"layers":"\/navigation\/26439\/layers","link":"\/r\/electromenager\/cuisson-robot\/cuisson-conviviale\/appareils-a-raclette"},{"name":"Appareils \u00e0 fondue","code":"R17F02SF01SS02","id":"26440","type":"RAYON","picto":null,"level":4,"sellerId":null,"slug":"appareils-a-fondue","selected":false,"children":null,"layers":"\/navigation\/26440\/layers","link":"\/r\/electromenager\/cuisson-robot\/cuisson-conviviale\/appareils-a-fondue"},{"name":"Cr\u00e9pi\u00e8res","code":"R17F02SF01SS03","id":"26441","type":"RAYON","picto":null,"level":4,"sellerId":null,"slug":"crepieres","selected":false,"children":null,"layers":"\/navigation\/26441\/layers","link":"\/r\/electromenager\/cuisson-robot\/cuisson-conviviale\/crepieres"},{"name":"Gaufriers","code":"R17F02SF01SS04","id":"26443","type":"RAYON","picto":null,"level":4,"sellerId":null,"slug":"gaufriers","selected":false,"children":null,"layers":"\/navigation\/26443\/layers","link":"\/r\/electromenager\/cuisson-robot\/cuisson-conviviale\/gaufriers"},{"name":"Planchas","code":"R17F02SF01SS05","id":"26444","type":"RAYON","picto":null,"level":4,"sellerId":null,"slug":"planchas","selected":false,"children":null,"layers":"\/navigation\/26444\/layers","link":"\/r\/electromenager\/cuisson-robot\/cuisson-conviviale\/planchas"},{"name":"Sorbeti\u00e8res, Yaourti\u00e8res","code":"R17F02SF01SS06","id":"26890","type":"RAYON","picto":null,"level":4,"sellerId":null,"slug":"sorbetieres-yaourtieres","selected":false,"children":null,"layers":"\/navigation\/26890\/layers","link":"\/r\/electromenager\/cuisson-robot\/cuisson-conviviale\/sorbetieres-yaourtieres"},{"name":"Autres Appareils","code":"R17F02SF01SS07","id":"26896","type":"RAYON","picto":null,"level":4,"sellerId":null,"slug":"autres-appareils","selected":false,"children":null,"layers":"\/navigation\/26896\/layers","link":"\/r\/electromenager\/cuisson-robot\/cuisson-conviviale\/autres-appareils"}],"layers":"\/navigation\/26169\/layers","link":"\/r\/electromenager\/cuisson-robot\/cuisson-conviviale"},{"name":"Robots de cuisine","code":"R17F02SF02","id":"26164","type":"RAYON","picto":null,"level":3,"sellerId":null,"slug":"robots-cuisine","selected":false,"children":[{"name":"Robots p\u00e2tissier","code":"R17F02SF02SS01","id":"26429","type":"RAYON","picto":null,"level":4,"sellerId":null,"slug":"robots-patissier","selected":false,"children":null,"layers":"\/navigation\/26429\/layers","link":"\/r\/electromenager\/cuisson-robot\/robots-cuisine\/robots-patissier"},{"name":"Robots multifonction","code":"R17F02SF02SS03","id":"26431","type":"RAYON","picto":null,"level":4,"sellerId":null,"slug":"robots-multifonction","selected":false,"children":null,"layers":"\/navigation\/26431\/layers","link":"\/r\/electromenager\/cuisson-robot\/robots-cuisine\/robots-multifonction"},{"name":"Blenders","code":"R17F02SF02SS04","id":"26432","type":"RAYON","picto":null,"level":4,"sellerId":null,"slug":"blenders","selected":false,"children":null,"layers":"\/navigation\/26432\/layers","link":"\/r\/electromenager\/cuisson-robot\/robots-cuisine\/blenders"}],"layers":"\/navigation\/26164\/layers","link":"\/r\/electromenager\/cuisson-robot\/robots-cuisine"},{"name":"Cuiseurs et Multicuiseurs","code":"R17F02SF03","id":"26167","type":"RAYON","picto":null,"level":3,"sellerId":null,"slug":"cuiseurs-multicuiseurs","selected":false,"children":[{"name":"Cuiseurs \u00e0 vapeur","code":"R17F02SF03SS01","id":"26433","type":"RAYON","picto":null,"level":4,"sellerId":null,"slug":"cuiseurs-a-vapeur","selected":false,"children":null,"layers":"\/navigation\/26433\/layers","link":"\/r\/electromenager\/cuisson-robot\/cuiseurs-multicuiseurs\/cuiseurs-a-vapeur"},{"name":"Cuiseurs \u00e0 riz","code":"R17F02SF03SS02","id":"26434","type":"RAYON","picto":null,"level":4,"sellerId":null,"slug":"cuiseurs-a-riz","selected":false,"children":null,"layers":"\/navigation\/26434\/layers","link":"\/r\/electromenager\/cuisson-robot\/cuiseurs-multicuiseurs\/cuiseurs-a-riz"},{"name":"Multicuiseurs et Mijoteurs","code":"R17F02SF03SS03","id":"26435","type":"RAYON","picto":null,"level":4,"sellerId":null,"slug":"multicuiseurs-mijoteurs","selected":false,"children":null,"layers":"\/navigation\/26435\/layers","link":"\/r\/electromenager\/cuisson-robot\/cuiseurs-multicuiseurs\/multicuiseurs-mijoteurs"},{"name":"Friteuses","code":"R17F02SF03SS04","id":"26436","type":"RAYON","picto":null,"level":4,"sellerId":null,"slug":"friteuses","selected":false,"children":null,"layers":"\/navigation\/26436\/layers","link":"\/r\/electromenager\/cuisson-robot\/cuiseurs-multicuiseurs\/friteuses"},{"name":"Autocuiseurs","code":"R17F02SF03SS05","id":"26437","type":"RAYON","picto":null,"level":4,"sellerId":null,"slug":"autocuiseurs","selected":false,"children":null,"layers":"\/navigation\/26437\/layers","link":"\/r\/electromenager\/cuisson-robot\/cuiseurs-multicuiseurs\/autocuiseurs"}],"layers":"\/navigation\/26167\/layers","link":"\/r\/electromenager\/cuisson-robot\/cuiseurs-multicuiseurs"},{"name":"Mixeurs","code":"R17F02SF04","id":"26171","type":"RAYON","picto":null,"level":3,"sellerId":null,"slug":"mixeurs","selected":false,"children":null,"layers":"\/navigation\/26171\/layers","link":"\/r\/electromenager\/cuisson-robot\/mixeurs"},{"name":"Batteurs","code":"R17F02SF05","id":"26173","type":"RAYON","picto":null,"level":3,"sellerId":null,"slug":"batteurs","selected":false,"children":null,"layers":"\/navigation\/26173\/layers","link":"\/r\/electromenager\/cuisson-robot\/batteurs"},{"name":"Micro-ondes","code":"R17F02SF06","id":"26159","type":"RAYON","picto":null,"level":3,"sellerId":null,"slug":"micro-ondes","selected":false,"children":[{"name":"Micro-ondes combin\u00e9s","code":"R17F02SF06SS01","id":"26422","type":"RAYON","picto":null,"level":4,"sellerId":null,"slug":"micro-ondes-combines","selected":false,"children":null,"layers":"\/navigation\/26422\/layers","link":"\/r\/electromenager\/cuisson-robot\/micro-ondes\/micro-ondes-combines"},{"name":"Micro-ondes grill","code":"R17F02SF06SS02","id":"26423","type":"RAYON","picto":null,"level":4,"sellerId":null,"slug":"micro-ondes-grill","selected":false,"children":null,"layers":"\/navigation\/26423\/layers","link":"\/r\/electromenager\/cuisson-robot\/micro-ondes\/micro-ondes-grill"}],"layers":"\/navigation\/26159\/layers","link":"\/r\/electromenager\/cuisson-robot\/micro-ondes"},{"name":"Fours","code":"R17F02SF08","id":"26158","type":"RAYON","picto":null,"level":3,"sellerId":null,"slug":"fours","selected":false,"children":[{"name":"Mini fours","code":"R17F02SF08SS03","id":"26421","type":"RAYON","picto":null,"level":4,"sellerId":null,"slug":"mini-fours","selected":false,"children":null,"layers":"\/navigation\/26421\/layers","link":"\/r\/electromenager\/cuisson-robot\/fours\/mini-fours"}],"layers":"\/navigation\/26158\/layers","link":"\/r\/electromenager\/cuisson-robot\/fours"},{"name":"Plaques de cuisson","code":"R17F02SF09","id":"26161","type":"RAYON","picto":null,"level":3,"sellerId":null,"slug":"plaques-cuisson","selected":false,"children":[{"name":"Plaques induction ","code":"R17F02SF09SS01","id":"26425","type":"RAYON","picto":null,"level":4,"sellerId":null,"slug":"plaque-induction","selected":false,"children":null,"layers":"\/navigation\/26425\/layers","link":"\/r\/electromenager\/cuisson-robot\/plaques-cuisson\/plaque-induction"},{"name":"Plaques vitroc\u00e9ramique","code":"R17F02SF09SS02","id":"26426","type":"RAYON","picto":null,"level":4,"sellerId":null,"slug":"plaques-vitroceramique","selected":false,"children":null,"layers":"\/navigation\/26426\/layers","link":"\/r\/electromenager\/cuisson-robot\/plaques-cuisson\/plaques-vitroceramique"},{"name":"R\u00e9chauds et R\u00e9chauds gaz","code":"R17F02SF09SS05","id":"26865","type":"RAYON","picto":null,"level":4,"sellerId":null,"slug":"rechauds","selected":false,"children":null,"layers":"\/navigation\/26865\/layers","link":"\/r\/electromenager\/cuisson-robot\/plaques-cuisson\/rechauds"}],"layers":"\/navigation\/26161\/layers","link":"\/r\/electromenager\/cuisson-robot\/plaques-cuisson"},{"name":"Accessoires pour appareils de cuisson","code":"R17F02SF11","id":"26943","type":"RAYON","picto":null,"level":3,"sellerId":null,"slug":"accessoires-appareils-de-cuisson","selected":false,"children":null,"layers":"\/navigation\/26943\/layers","link":"\/r\/electromenager\/cuisson-robot\/accessoires-appareils-de-cuisson"}],"layers":"\/navigation\/26027\/layers","link":"\/r\/electromenager\/cuisson-robot"},{"name":"Chauffage et Climatisation","code":"R17F03","id":"26038","type":"RAYON","picto":null,"level":2,"sellerId":null,"slug":"chauffage-climatisation","selected":false,"children":[{"name":"Chauffage","code":"R17F03SF01","id":"26238","type":"RAYON","picto":null,"level":3,"sellerId":null,"slug":"chauffage","selected":false,"children":null,"layers":"\/navigation\/26238\/layers","link":"\/r\/electromenager\/chauffage-climatisation\/chauffage"},{"name":"Radiateurs","code":"R17F03SF02","id":"26246","type":"RAYON","picto":null,"level":3,"sellerId":null,"slug":"radiateurs","selected":false,"children":null,"layers":"\/navigation\/26246\/layers","link":"\/r\/electromenager\/chauffage-climatisation\/radiateurs"},{"name":"Po\u00eales \u00e0 bois et Chemin\u00e9es","code":"R17F03SF03","id":"26248","type":"RAYON","picto":null,"level":3,"sellerId":null,"slug":"poeles-a-bois-cheminees","selected":false,"children":null,"layers":"\/navigation\/26248\/layers","link":"\/r\/electromenager\/chauffage-climatisation\/poeles-a-bois-cheminees"},{"name":"Po\u00eales \u00e0 p\u00e9trole et gaz","code":"R17F03SF04","id":"26250","type":"RAYON","picto":null,"level":3,"sellerId":null,"slug":"poeles-a-petrole-gaz","selected":false,"children":null,"layers":"\/navigation\/26250\/layers","link":"\/r\/electromenager\/chauffage-climatisation\/poeles-a-petrole-gaz"},{"name":"Combustibles","code":"R17F03SF06","id":"26244","type":"RAYON","picto":null,"level":3,"sellerId":null,"slug":"combustibles","selected":false,"children":null,"layers":"\/navigation\/26244\/layers","link":"\/r\/electromenager\/chauffage-climatisation\/combustibles"},{"name":"Traitement de l'air","code":"R17F03SF07","id":"26255","type":"RAYON","picto":null,"level":3,"sellerId":null,"slug":"traitement-air","selected":false,"children":null,"layers":"\/navigation\/26255\/layers","link":"\/r\/electromenager\/chauffage-climatisation\/traitement-air"},{"name":"Ventilateurs","code":"R17F03SF08","id":"26240","type":"RAYON","picto":null,"level":3,"sellerId":null,"slug":"ventilateurs","selected":false,"children":null,"layers":"\/navigation\/26240\/layers","link":"\/r\/electromenager\/chauffage-climatisation\/ventilateurs"},{"name":"Climatiseurs et Rafraichisseurs","code":"R17F03SF09","id":"26242","type":"RAYON","picto":null,"level":3,"sellerId":null,"slug":"climatiseurs-rafraichisseurs","selected":false,"children":null,"layers":"\/navigation\/26242\/layers","link":"\/r\/electromenager\/chauffage-climatisation\/climatiseurs-rafraichisseurs"}],"layers":"\/navigation\/26038\/layers","link":"\/r\/electromenager\/chauffage-climatisation"},{"name":"R\u00e9frig\u00e9rateurs et Cong\u00e9lateurs","code":"R17F05","id":"26026","type":"RAYON","picto":null,"level":2,"sellerId":null,"slug":"refrigerateur-congelateur","selected":false,"children":[{"name":"R\u00e9frig\u00e9rateurs","code":"R17F05SF01","id":"26156","type":"RAYON","picto":null,"level":3,"sellerId":null,"slug":"refrigerateurs","selected":false,"children":[{"name":"R\u00e9frig\u00e9rateurs cong\u00e9lateurs","code":"R17F05SF01SS01","id":"26314","type":"RAYON","picto":null,"level":4,"sellerId":null,"slug":"refrigerateurs-congelateurs","selected":false,"children":null,"layers":"\/navigation\/26314\/layers","link":"\/r\/electromenager\/refrigerateur-congelateur\/refrigerateurs\/refrigerateurs-congelateurs"}],"layers":"\/navigation\/26156\/layers","link":"\/r\/electromenager\/refrigerateur-congelateur\/refrigerateurs"}],"layers":"\/navigation\/26026\/layers","link":"\/r\/electromenager\/refrigerateur-congelateur"},{"name":"Petit d\u00e9jeuner","code":"R17F06","id":"26028","type":"RAYON","picto":null,"level":2,"sellerId":null,"slug":"petit-dejeuner","selected":false,"children":[{"name":"Cafeti\u00e8res et Expresso","code":"R17F06SF01","id":"26180","type":"RAYON","picto":null,"level":3,"sellerId":null,"slug":"cafetieres-expresso","selected":false,"children":[{"name":"Cafeti\u00e8res Senseo ","code":"R17F06SF01SS01","id":"26456","type":"RAYON","picto":null,"level":4,"sellerId":null,"slug":"cafetieres-senseo","selected":false,"children":null,"layers":"\/navigation\/26456\/layers","link":"\/r\/electromenager\/petit-dejeuner\/cafetieres-expresso\/cafetieres-senseo"},{"name":"Cafeti\u00e8res Dolce Gusto ","code":"R17F06SF01SS02","id":"26457","type":"RAYON","picto":null,"level":4,"sellerId":null,"slug":"cafetieres-dolce-gusto-","selected":false,"children":null,"layers":"\/navigation\/26457\/layers","link":"\/r\/electromenager\/petit-dejeuner\/cafetieres-expresso\/cafetieres-dolce-gusto-"},{"name":"Cafeti\u00e8res Tassimo ","code":"R17F06SF01SS03","id":"26458","type":"RAYON","picto":null,"level":4,"sellerId":null,"slug":"cafetiere-tassimo","selected":false,"children":null,"layers":"\/navigation\/26458\/layers","link":"\/r\/electromenager\/petit-dejeuner\/cafetieres-expresso\/cafetiere-tassimo"},{"name":"Autres cafeti\u00e8res","code":"R17F06SF01SS05","id":"26461","type":"RAYON","picto":null,"level":4,"sellerId":null,"slug":"autres-cafetieres","selected":false,"children":null,"layers":"\/navigation\/26461\/layers","link":"\/r\/electromenager\/petit-dejeuner\/cafetieres-expresso\/autres-cafetieres"},{"name":"Accessoires cafeti\u00e8res","code":"R17F06SF01SS06","id":"26944","type":"RAYON","picto":null,"level":4,"sellerId":null,"slug":"accessoires-cafetieres","selected":false,"children":null,"layers":"\/navigation\/26944\/layers","link":"\/r\/electromenager\/petit-dejeuner\/cafetieres-expresso\/accessoires-cafetieres"}],"layers":"\/navigation\/26180\/layers","link":"\/r\/electromenager\/petit-dejeuner\/cafetieres-expresso"},{"name":"Bouilloires","code":"R17F06SF02","id":"26182","type":"RAYON","picto":null,"level":3,"sellerId":null,"slug":"bouilloires","selected":false,"children":null,"layers":"\/navigation\/26182\/layers","link":"\/r\/electromenager\/petit-dejeuner\/bouilloires"},{"name":"Grille-pains","code":"R17F06SF03","id":"26185","type":"RAYON","picto":null,"level":3,"sellerId":null,"slug":"grille-pains","selected":false,"children":null,"layers":"\/navigation\/26185\/layers","link":"\/r\/electromenager\/petit-dejeuner\/grille-pains"},{"name":"Extracteurs de jus et Presse-agrumes","code":"R17F06SF04","id":"26187","type":"RAYON","picto":null,"level":3,"sellerId":null,"slug":"extracteurs-de-jus","selected":false,"children":null,"layers":"\/navigation\/26187\/layers","link":"\/r\/electromenager\/petit-dejeuner\/extracteurs-de-jus"}],"layers":"\/navigation\/26028\/layers","link":"\/r\/electromenager\/petit-dejeuner"},{"name":"Boisson","code":"R17F07","id":"26031","type":"RAYON","picto":null,"level":2,"sellerId":null,"slug":"boisson","selected":false,"children":[{"name":"Th\u00e9i\u00e8res","code":"R17F07SF01","id":"26190","type":"RAYON","picto":null,"level":3,"sellerId":null,"slug":"theieres","selected":false,"children":null,"layers":"\/navigation\/26190\/layers","link":"\/r\/electromenager\/boisson\/theieres"},{"name":"Centrifugeuses","code":"R17F07SF02","id":"26192","type":"RAYON","picto":null,"level":3,"sellerId":null,"slug":"centrifugeuses","selected":false,"children":null,"layers":"\/navigation\/26192\/layers","link":"\/r\/electromenager\/boisson\/centrifugeuses"},{"name":"Machines \u00e0 soda et Cartouches","code":"R17F07SF03","id":"26195","type":"RAYON","picto":null,"level":3,"sellerId":null,"slug":"machines-a-soda-cartouches","selected":false,"children":null,"layers":"\/navigation\/26195\/layers","link":"\/r\/electromenager\/boisson\/machines-a-soda-cartouches"},{"name":"Carafes filtrantes et Filtres","code":"R17F07SF04","id":"26198","type":"RAYON","picto":null,"level":3,"sellerId":null,"slug":"carafes-filtrantes-filtres","selected":false,"children":null,"layers":"\/navigation\/26198\/layers","link":"\/r\/electromenager\/boisson\/carafes-filtrantes-filtres"},{"name":"Machines \u00e0 gla\u00e7ons","code":"R17F07SF05","id":"26200","type":"RAYON","picto":null,"level":3,"sellerId":null,"slug":"machines-a-glacons","selected":false,"children":null,"layers":"\/navigation\/26200\/layers","link":"\/r\/electromenager\/boisson\/machines-a-glacons"},{"name":"Pompes et Tireuses \u00e0 bi\u00e8re","code":"R17F07SF06","id":"26202","type":"RAYON","picto":null,"level":3,"sellerId":null,"slug":"pompes-tireuses-a-biere","selected":false,"children":null,"layers":"\/navigation\/26202\/layers","link":"\/r\/electromenager\/boisson\/pompes-tireuses-a-biere"}],"layers":"\/navigation\/26031\/layers","link":"\/r\/electromenager\/boisson"},{"name":"Entretien du sol","code":"R17F08","id":"26033","type":"RAYON","picto":null,"level":2,"sellerId":null,"slug":"entretien-sol","selected":false,"children":[{"name":"Aspirateurs balai","code":"R17F08SF01","id":"26212","type":"RAYON","picto":null,"level":3,"sellerId":null,"slug":"aspirateurs-balai","selected":false,"children":null,"layers":"\/navigation\/26212\/layers","link":"\/r\/electromenager\/entretien-sol\/aspirateurs-balai"},{"name":"Aspirateurs robot","code":"R17F08SF02","id":"26214","type":"RAYON","picto":null,"level":3,"sellerId":null,"slug":"aspirateurs-robot","selected":false,"children":null,"layers":"\/navigation\/26214\/layers","link":"\/r\/electromenager\/entretien-sol\/aspirateurs-robot"},{"name":"Aspirateurs traineau ","code":"R17F08SF03","id":"26216","type":"RAYON","picto":null,"level":3,"sellerId":null,"slug":"aspirateurs-traineau","selected":false,"children":null,"layers":"\/navigation\/26216\/layers","link":"\/r\/electromenager\/entretien-sol\/aspirateurs-traineau"},{"name":"Nettoyeurs vapeur","code":"R17F08SF04","id":"26218","type":"RAYON","picto":null,"level":3,"sellerId":null,"slug":"nettoyeurs-vapeur","selected":false,"children":null,"layers":"\/navigation\/26218\/layers","link":"\/r\/electromenager\/entretien-sol\/nettoyeurs-vapeur"},{"name":"Aspirateurs \u00e0 main","code":"R17F08SF05","id":"26942","type":"RAYON","picto":null,"level":3,"sellerId":null,"slug":"aspirateur-a-main","selected":false,"children":null,"layers":"\/navigation\/26942\/layers","link":"\/r\/electromenager\/entretien-sol\/aspirateur-a-main"},{"name":"Accessoires d'aspirateur","code":"R17F08SF06","id":"26219","type":"RAYON","picto":null,"level":3,"sellerId":null,"slug":"accessoires-aspirateur","selected":false,"children":null,"layers":"\/navigation\/26219\/layers","link":"\/r\/electromenager\/entretien-sol\/accessoires-aspirateur"}],"layers":"\/navigation\/26033\/layers","link":"\/r\/electromenager\/entretien-sol"},{"name":"Hygi\u00e8ne et Beaut\u00e9","code":"R17F09","id":"26036","type":"RAYON","picto":null,"level":2,"sellerId":null,"slug":"hygiene-beaute","selected":false,"children":[{"name":"Epilation ","code":"R17F09SF01","id":"26224","type":"RAYON","picto":null,"level":3,"sellerId":null,"slug":"epilation","selected":false,"children":[{"name":"Epilateurs \u00e0 lumi\u00e8re puls\u00e9e ","code":"R17F09SF01SS02","id":"26472","type":"RAYON","picto":null,"level":4,"sellerId":null,"slug":"epilateurs-lumiere-pulsee","selected":false,"children":null,"layers":"\/navigation\/26472\/layers","link":"\/r\/electromenager\/hygiene-beaute\/epilation\/epilateurs-lumiere-pulsee"},{"name":"Epilateurs \u00e9lectriques","code":"R17F09SF01SS03","id":"26902","type":"RAYON","picto":null,"level":4,"sellerId":null,"slug":"epilateurs-electriques","selected":false,"children":null,"layers":"\/navigation\/26902\/layers","link":"\/r\/electromenager\/hygiene-beaute\/epilation\/epilateurs-electriques"},{"name":"Accessoires Epilation","code":"R17F09SF01SS04","id":"26941","type":"RAYON","picto":null,"level":4,"sellerId":null,"slug":"accessoires-epilation","selected":false,"children":null,"layers":"\/navigation\/26941\/layers","link":"\/r\/electromenager\/hygiene-beaute\/epilation\/accessoires-epilation"}],"layers":"\/navigation\/26224\/layers","link":"\/r\/electromenager\/hygiene-beaute\/epilation"},{"name":"Rasoirs","code":"R17F09SF02","id":"26226","type":"RAYON","picto":null,"level":3,"sellerId":null,"slug":"rasoirs","selected":false,"children":[{"name":"Rasoirs pour femme","code":"R17F09SF02SS01","id":"26473","type":"RAYON","picto":null,"level":4,"sellerId":null,"slug":"rasoirs-pour-femme","selected":false,"children":null,"layers":"\/navigation\/26473\/layers","link":"\/r\/electromenager\/hygiene-beaute\/rasoirs\/rasoirs-pour-femme"},{"name":"Rasoirs pour homme","code":"R17F09SF02SS02","id":"26474","type":"RAYON","picto":null,"level":4,"sellerId":null,"slug":"rasoirs-pour-homme","selected":false,"children":null,"layers":"\/navigation\/26474\/layers","link":"\/r\/electromenager\/hygiene-beaute\/rasoirs\/rasoirs-pour-homme"}],"layers":"\/navigation\/26226\/layers","link":"\/r\/electromenager\/hygiene-beaute\/rasoirs"},{"name":"Tondeuses","code":"R17F09SF03","id":"26228","type":"RAYON","picto":null,"level":3,"sellerId":null,"slug":"tondeuses","selected":false,"children":[{"name":"Tondeuses pour la barbe ","code":"R17F09SF03SS01","id":"26475","type":"RAYON","picto":null,"level":4,"sellerId":null,"slug":"tondeuses-barbe","selected":false,"children":null,"layers":"\/navigation\/26475\/layers","link":"\/r\/electromenager\/hygiene-beaute\/tondeuses\/tondeuses-barbe"},{"name":"Tondeuses pour le nez et les oreilles","code":"R17F09SF03SS02","id":"26857","type":"RAYON","picto":null,"level":4,"sellerId":null,"slug":"tondeuses-nez-oreilles","selected":false,"children":null,"layers":"\/navigation\/26857\/layers","link":"\/r\/electromenager\/hygiene-beaute\/tondeuses\/tondeuses-nez-oreilles"},{"name":"Tondeuses pour le corps ","code":"R17F09SF03SS03","id":"26476","type":"RAYON","picto":null,"level":4,"sellerId":null,"slug":"tondeuses-corps","selected":false,"children":null,"layers":"\/navigation\/26476\/layers","link":"\/r\/electromenager\/hygiene-beaute\/tondeuses\/tondeuses-corps"},{"name":"Tondeuses multifonctions","code":"R17F09SF03SS04","id":"26477","type":"RAYON","picto":null,"level":4,"sellerId":null,"slug":"tondeuses-multifonctions","selected":false,"children":null,"layers":"\/navigation\/26477\/layers","link":"\/r\/electromenager\/hygiene-beaute\/tondeuses\/tondeuses-multifonctions"},{"name":"Accessoires de tondeuse","code":"R17F09SF03SS05","id":"26478","type":"RAYON","picto":null,"level":4,"sellerId":null,"slug":"accessoires-tondeuse","selected":false,"children":null,"layers":"\/navigation\/26478\/layers","link":"\/r\/electromenager\/hygiene-beaute\/tondeuses\/accessoires-tondeuse"}],"layers":"\/navigation\/26228\/layers","link":"\/r\/electromenager\/hygiene-beaute\/tondeuses"},{"name":"Coiffure","code":"R17F09SF04","id":"26230","type":"RAYON","picto":null,"level":3,"sellerId":null,"slug":"coiffure","selected":false,"children":[{"name":"S\u00e8che-cheveux ","code":"R17F09SF04SS01","id":"26479","type":"RAYON","picto":null,"level":4,"sellerId":null,"slug":"seche-cheveux","selected":false,"children":null,"layers":"\/navigation\/26479\/layers","link":"\/r\/electromenager\/hygiene-beaute\/coiffure\/seche-cheveux"},{"name":"Lisseurs","code":"R17F09SF04SS02","id":"26480","type":"RAYON","picto":null,"level":4,"sellerId":null,"slug":"lisseurs","selected":false,"children":null,"layers":"\/navigation\/26480\/layers","link":"\/r\/electromenager\/hygiene-beaute\/coiffure\/lisseurs"},{"name":"Fers \u00e0 boucler","code":"R17F09SF04SS03","id":"26481","type":"RAYON","picto":null,"level":4,"sellerId":null,"slug":"fers-a-boucler","selected":false,"children":null,"layers":"\/navigation\/26481\/layers","link":"\/r\/electromenager\/hygiene-beaute\/coiffure\/fers-a-boucler"},{"name":"Tondeuses \u00e0 cheveux","code":"R17F09SF04SS04","id":"26482","type":"RAYON","picto":null,"level":4,"sellerId":null,"slug":"tondeuses-cheveux","selected":false,"children":null,"layers":"\/navigation\/26482\/layers","link":"\/r\/electromenager\/hygiene-beaute\/coiffure\/tondeuses-cheveux"},{"name":"Brosses soufflantes","code":"R17F09SF04SS05","id":"26483","type":"RAYON","picto":null,"level":4,"sellerId":null,"slug":"brosses-soufflantes","selected":false,"children":null,"layers":"\/navigation\/26483\/layers","link":"\/r\/electromenager\/hygiene-beaute\/coiffure\/brosses-soufflantes"},{"name":"Brosses coiffantes","code":"R17F09SF04SS06","id":"26484","type":"RAYON","picto":null,"level":4,"sellerId":null,"slug":"brosses-coiffantes","selected":false,"children":null,"layers":"\/navigation\/26484\/layers","link":"\/r\/electromenager\/hygiene-beaute\/coiffure\/brosses-coiffantes"},{"name":"Accessoires de coiffure","code":"R17F09SF04SS07","id":"26485","type":"RAYON","picto":null,"level":4,"sellerId":null,"slug":"accessoires-coiffure","selected":false,"children":null,"layers":"\/navigation\/26485\/layers","link":"\/r\/electromenager\/hygiene-beaute\/coiffure\/accessoires-coiffure"}],"layers":"\/navigation\/26230\/layers","link":"\/r\/electromenager\/hygiene-beaute\/coiffure"},{"name":"Soins du visage","code":"R17F09SF05","id":"26233","type":"RAYON","picto":null,"level":3,"sellerId":null,"slug":"soin-visage","selected":false,"children":null,"layers":"\/navigation\/26233\/layers","link":"\/r\/electromenager\/hygiene-beaute\/soin-visage"},{"name":"Hygi\u00e8ne dentaire","code":"R17F09SF06","id":"26235","type":"RAYON","picto":null,"level":3,"sellerId":null,"slug":"hygiene-dentaire","selected":false,"children":null,"layers":"\/navigation\/26235\/layers","link":"\/r\/electromenager\/hygiene-beaute\/hygiene-dentaire"},{"name":"Manucure et P\u00e9dicure","code":"R17F09SF07","id":"26236","type":"RAYON","picto":null,"level":3,"sellerId":null,"slug":"manucure-pedicure","selected":false,"children":null,"layers":"\/navigation\/26236\/layers","link":"\/r\/electromenager\/hygiene-beaute\/manucure-pedicure"},{"name":"Bien-\u00eatre et Minceur","code":"R17F09SF08","id":"26237","type":"RAYON","picto":null,"level":3,"sellerId":null,"slug":"bien-etre-minceur","selected":false,"children":null,"layers":"\/navigation\/26237\/layers","link":"\/r\/electromenager\/hygiene-beaute\/bien-etre-minceur"}],"layers":"\/navigation\/26036\/layers","link":"\/r\/electromenager\/hygiene-beaute"}],"layers":"\/navigation\/26016\/layers","link":"\/r\/electromenager"},{"name":"Jeux vid\u00e9os et Culture","code":"R18","id":"26021","type":"RAYON","picto":"https:\/\/media.carrefour.fr\/medias\/7a207ecb3c9c3b3eb3639203bd01c0b2\/p_96x96\/26021.jpg","level":1,"sellerId":null,"slug":"jeux-videos-culture","selected":false,"children":[{"name":"Consoles et Jeux vid\u00e9o","code":"R18F01","id":"26029","type":"RAYON","picto":null,"level":2,"sellerId":null,"slug":"consoles-jeux-videos","selected":false,"children":[{"name":"Playstation 5","code":"R18F01SF01","id":"28119","type":"RAYON","picto":null,"level":3,"sellerId":null,"slug":"playstation-5","selected":false,"children":[{"name":"Jeux PS5","code":"R18F01SF01SS02","id":"28121","type":"RAYON","picto":null,"level":4,"sellerId":null,"slug":"jeux-ps5","selected":false,"children":null,"layers":"\/navigation\/28121\/layers","link":"\/r\/jeux-videos-culture\/consoles-jeux-videos\/playstation-5\/jeux-ps5"},{"name":"Accessoires PS5","code":"R18F01SF01SS03","id":"28122","type":"RAYON","picto":null,"level":4,"sellerId":null,"slug":"assessoires-ps5","selected":false,"children":null,"layers":"\/navigation\/28122\/layers","link":"\/r\/jeux-videos-culture\/consoles-jeux-videos\/playstation-5\/assessoires-ps5"}],"layers":"\/navigation\/28119\/layers","link":"\/r\/jeux-videos-culture\/consoles-jeux-videos\/playstation-5"},{"name":"Nintendo Switch","code":"R18F01SF02","id":"26051","type":"RAYON","picto":null,"level":3,"sellerId":null,"slug":"nintendo-switch","selected":false,"children":[{"name":"Consoles Nintendo Swtich","code":"R18F01SF02SS01","id":"26053","type":"RAYON","picto":null,"level":4,"sellerId":null,"slug":"consoles-nintendo-switch","selected":false,"children":null,"layers":"\/navigation\/26053\/layers","link":"\/r\/jeux-videos-culture\/consoles-jeux-videos\/nintendo-switch\/consoles-nintendo-switch"},{"name":"Jeux Nintendo Switch","code":"R18F01SF02SS02","id":"26055","type":"RAYON","picto":null,"level":4,"sellerId":null,"slug":"jeux-nintendo-switch","selected":false,"children":null,"layers":"\/navigation\/26055\/layers","link":"\/r\/jeux-videos-culture\/consoles-jeux-videos\/nintendo-switch\/jeux-nintendo-switch"},{"name":"Accessoires Nintendo Switch","code":"R18F01SF02SS03","id":"26056","type":"RAYON","picto":null,"level":4,"sellerId":null,"slug":"accessoires-nintendo-switch","selected":false,"children":null,"layers":"\/navigation\/26056\/layers","link":"\/r\/jeux-videos-culture\/consoles-jeux-videos\/nintendo-switch\/accessoires-nintendo-switch"}],"layers":"\/navigation\/26051\/layers","link":"\/r\/jeux-videos-culture\/consoles-jeux-videos\/nintendo-switch"},{"name":"Xbox Series","code":"R18F01SF02","id":"28563","type":"RAYON","picto":null,"level":3,"sellerId":null,"slug":"xbox-series-x","selected":false,"children":[{"name":"Consoles Xbox Series","code":"R18F01SF03SS01","id":"28564","type":"RAYON","picto":null,"level":4,"sellerId":null,"slug":"console-xbox-series-x","selected":false,"children":null,"layers":"\/navigation\/28564\/layers","link":"\/r\/jeux-videos-culture\/consoles-jeux-videos\/xbox-series-x\/console-xbox-series-x"},{"name":"Jeux Xbox Series","code":"R18F01SF03SS02","id":"28565","type":"RAYON","picto":null,"level":4,"sellerId":null,"slug":"jeux-xbox-series-x","selected":false,"children":null,"layers":"\/navigation\/28565\/layers","link":"\/r\/jeux-videos-culture\/consoles-jeux-videos\/xbox-series-x\/jeux-xbox-series-x"},{"name":"Accessoires Xbox Series","code":"R18F01SF02SS03","id":"28566","type":"RAYON","picto":null,"level":4,"sellerId":null,"slug":"accessoires-xbox-series-x","selected":false,"children":null,"layers":"\/navigation\/28566\/layers","link":"\/r\/jeux-videos-culture\/consoles-jeux-videos\/xbox-series-x\/accessoires-xbox-series-x"}],"layers":"\/navigation\/28563\/layers","link":"\/r\/jeux-videos-culture\/consoles-jeux-videos\/xbox-series-x"},{"name":"Playstation 4","code":"R18F01SF04","id":"26035","type":"RAYON","picto":null,"level":3,"sellerId":null,"slug":"playstation-4","selected":false,"children":[{"name":"Consoles PS4","code":"R18F01SF04SS01","id":"26037","type":"RAYON","picto":null,"level":4,"sellerId":null,"slug":"consoles-ps4","selected":false,"children":null,"layers":"\/navigation\/26037\/layers","link":"\/r\/jeux-videos-culture\/consoles-jeux-videos\/playstation-4\/consoles-ps4"},{"name":"Jeux PS4","code":"R18F01SF04SS02","id":"26039","type":"RAYON","picto":null,"level":4,"sellerId":null,"slug":"jeux-ps4","selected":false,"children":null,"layers":"\/navigation\/26039\/layers","link":"\/r\/jeux-videos-culture\/consoles-jeux-videos\/playstation-4\/jeux-ps4"},{"name":"Accessoires PS4","code":"R18F01SF04SS03","id":"26041","type":"RAYON","picto":null,"level":4,"sellerId":null,"slug":"accessoires-ps4","selected":false,"children":null,"layers":"\/navigation\/26041\/layers","link":"\/r\/jeux-videos-culture\/consoles-jeux-videos\/playstation-4\/accessoires-ps4"}],"layers":"\/navigation\/26035\/layers","link":"\/r\/jeux-videos-culture\/consoles-jeux-videos\/playstation-4"},{"name":"Xbox One","code":"R18F01SF05","id":"26043","type":"RAYON","picto":null,"level":3,"sellerId":null,"slug":"xbox-one","selected":false,"children":[{"name":"Consoles Xbox One","code":"R18F01SF05SS01","id":"26045","type":"RAYON","picto":null,"level":4,"sellerId":null,"slug":"consoles-xbox-one","selected":false,"children":null,"layers":"\/navigation\/26045\/layers","link":"\/r\/jeux-videos-culture\/consoles-jeux-videos\/xbox-one\/consoles-xbox-one"},{"name":"Jeux Xbox One","code":"R18F01SF05SS02","id":"26047","type":"RAYON","picto":null,"level":4,"sellerId":null,"slug":"jeux-xbox-one","selected":false,"children":null,"layers":"\/navigation\/26047\/layers","link":"\/r\/jeux-videos-culture\/consoles-jeux-videos\/xbox-one\/jeux-xbox-one"},{"name":"Accessoires Xbox One","code":"R18F01SF05SS03","id":"26048","type":"RAYON","picto":null,"level":4,"sellerId":null,"slug":"accessoires-xbox-one","selected":false,"children":null,"layers":"\/navigation\/26048\/layers","link":"\/r\/jeux-videos-culture\/consoles-jeux-videos\/xbox-one\/accessoires-xbox-one"}],"layers":"\/navigation\/26043\/layers","link":"\/r\/jeux-videos-culture\/consoles-jeux-videos\/xbox-one"},{"name":"Autres consoles, Accessoires et Jeux","code":"R18F01SF06","id":"26058","type":"RAYON","picto":null,"level":3,"sellerId":null,"slug":"autres-consoles-accessoires-jeux","selected":false,"children":[{"name":"Consoles","code":"R18F01SF06SS01","id":"26062","type":"RAYON","picto":null,"level":4,"sellerId":null,"slug":"consoles","selected":false,"children":null,"layers":"\/navigation\/26062\/layers","link":"\/r\/jeux-videos-culture\/consoles-jeux-videos\/autres-consoles-accessoires-jeux\/consoles"},{"name":"Jeux","code":"R18F01SF06SS02","id":"26060","type":"RAYON","picto":null,"level":4,"sellerId":null,"slug":"jeux","selected":false,"children":null,"layers":"\/navigation\/26060\/layers","link":"\/r\/jeux-videos-culture\/consoles-jeux-videos\/autres-consoles-accessoires-jeux\/jeux"},{"name":"Accessoires","code":"R18F01SF06SS03","id":"26064","type":"RAYON","picto":null,"level":4,"sellerId":null,"slug":"accessoires","selected":false,"children":null,"layers":"\/navigation\/26064\/layers","link":"\/r\/jeux-videos-culture\/consoles-jeux-videos\/autres-consoles-accessoires-jeux\/accessoires"}],"layers":"\/navigation\/26058\/layers","link":"\/r\/jeux-videos-culture\/consoles-jeux-videos\/autres-consoles-accessoires-jeux"},{"name":"Jeux PC et Accessoires","code":"R18F01SF07","id":"26067","type":"RAYON","picto":null,"level":3,"sellerId":null,"slug":"jeux-pc-accessoires","selected":false,"children":[{"name":"Jeux PC","code":"R18F01SF07SS01","id":"26071","type":"RAYON","picto":null,"level":4,"sellerId":null,"slug":"jeux-pc","selected":false,"children":null,"layers":"\/navigation\/26071\/layers","link":"\/r\/jeux-videos-culture\/consoles-jeux-videos\/jeux-pc-accessoires\/jeux-pc"},{"name":"Accessoires gaming PC","code":"R18F01SF07SS02","id":"26073","type":"RAYON","picto":null,"level":4,"sellerId":null,"slug":"accessoires-gaming-pc","selected":false,"children":null,"layers":"\/navigation\/26073\/layers","link":"\/r\/jeux-videos-culture\/consoles-jeux-videos\/jeux-pc-accessoires\/accessoires-gaming-pc"}],"layers":"\/navigation\/26067\/layers","link":"\/r\/jeux-videos-culture\/consoles-jeux-videos\/jeux-pc-accessoires"},{"name":"Abonnements ","code":"R18F01SF08","id":"26077","type":"RAYON","picto":null,"level":3,"sellerId":null,"slug":"abonnements","selected":false,"children":null,"layers":"\/navigation\/26077\/layers","link":"\/r\/jeux-videos-culture\/consoles-jeux-videos\/abonnements"}],"layers":"\/navigation\/26029\/layers","link":"\/r\/jeux-videos-culture\/consoles-jeux-videos"},{"name":"Figurines POP","code":"R18F02","id":"26030","type":"RAYON","picto":null,"level":2,"sellerId":null,"slug":"figurines-pop","selected":false,"children":null,"layers":"\/navigation\/26030\/layers","link":"\/r\/jeux-videos-culture\/figurines-pop"},{"name":"Livres et BDs","code":"R18F03","id":"26090","type":"RAYON","picto":null,"level":2,"sellerId":null,"slug":"livres-bds","selected":false,"children":[{"name":"Romans et Litt\u00e9rature","code":"R18F03SF01","id":"26091","type":"RAYON","picto":null,"level":3,"sellerId":null,"slug":"romans-litteraires","selected":false,"children":null,"layers":"\/navigation\/26091\/layers","link":"\/r\/jeux-videos-culture\/livres-bds\/romans-litteraires"},{"name":"BDs et Mangas","code":"R18F03SF02","id":"26092","type":"RAYON","picto":null,"level":3,"sellerId":null,"slug":"bds-mangas","selected":false,"children":null,"layers":"\/navigation\/26092\/layers","link":"\/r\/jeux-videos-culture\/livres-bds\/bds-mangas"},{"name":"Jeunesse","code":"R18F03SF03","id":"26093","type":"RAYON","picto":null,"level":3,"sellerId":null,"slug":"jeunesse","selected":false,"children":null,"layers":"\/navigation\/26093\/layers","link":"\/r\/jeux-videos-culture\/livres-bds\/jeunesse"},{"name":"Loisirs, Art de vivre et Recettes","code":"R18F03SF04","id":"26094","type":"RAYON","picto":null,"level":3,"sellerId":null,"slug":"loisirs-art-de-vivre-recettes","selected":false,"children":null,"layers":"\/navigation\/26094\/layers","link":"\/r\/jeux-videos-culture\/livres-bds\/loisirs-art-de-vivre-recettes"},{"name":"Cahiers de vacances","code":"R18F03SF05","id":"26095","type":"RAYON","picto":null,"level":3,"sellerId":null,"slug":"cahiers-de-vacances","selected":false,"children":null,"layers":"\/navigation\/26095\/layers","link":"\/r\/jeux-videos-culture\/livres-bds\/cahiers-de-vacances"},{"name":"Dictionnaires et Livres Scolaires","code":"R18F03SF06","id":"26096","type":"RAYON","picto":null,"level":3,"sellerId":null,"slug":"dictionnaires-manuels-scolaires-universitaires","selected":false,"children":null,"layers":"\/navigation\/26096\/layers","link":"\/r\/jeux-videos-culture\/livres-bds\/dictionnaires-manuels-scolaires-universitaires"},{"name":"Autres livres","code":"R18F03SF08","id":"26098","type":"RAYON","picto":null,"level":3,"sellerId":null,"slug":"autres-livres","selected":false,"children":null,"layers":"\/navigation\/26098\/layers","link":"\/r\/jeux-videos-culture\/livres-bds\/autres-livres"}],"layers":"\/navigation\/26090\/layers","link":"\/r\/jeux-videos-culture\/livres-bds"},{"name":"DVDs et CDs","code":"R18F04","id":"26034","type":"RAYON","picto":null,"level":2,"sellerId":null,"slug":"dvd-cd-livres","selected":false,"children":[{"name":"DVDs et Blu-ray","code":"R18F04SF01","id":"26079","type":"RAYON","picto":null,"level":3,"sellerId":null,"slug":"dvds-blu-ray","selected":false,"children":[{"name":"S\u00e9ries TV","code":"R18F04SF01SS01","id":"26080","type":"RAYON","picto":null,"level":4,"sellerId":null,"slug":"series-tv","selected":false,"children":null,"layers":"\/navigation\/26080\/layers","link":"\/r\/jeux-videos-culture\/dvd-cd-livres\/dvds-blu-ray\/series-tv"},{"name":"Action et Aventure","code":"R18F04SF01SS02","id":"26081","type":"RAYON","picto":null,"level":4,"sellerId":null,"slug":"action-aventure","selected":false,"children":null,"layers":"\/navigation\/26081\/layers","link":"\/r\/jeux-videos-culture\/dvd-cd-livres\/dvds-blu-ray\/action-aventure"},{"name":"Com\u00e9die, Humour et Spectacle","code":"R18F04SF01SS03","id":"26082","type":"RAYON","picto":null,"level":4,"sellerId":null,"slug":"comedie-humour-spectacles","selected":false,"children":null,"layers":"\/navigation\/26082\/layers","link":"\/r\/jeux-videos-culture\/dvd-cd-livres\/dvds-blu-ray\/comedie-humour-spectacles"},{"name":"Dessins anim\u00e9s","code":"R18F04SF01SS04","id":"26083","type":"RAYON","picto":null,"level":4,"sellerId":null,"slug":"dessins-animes","selected":false,"children":null,"layers":"\/navigation\/26083\/layers","link":"\/r\/jeux-videos-culture\/dvd-cd-livres\/dvds-blu-ray\/dessins-animes"},{"name":"Enfant et Jeunesse","code":"R18F04SF01SS05","id":"26084","type":"RAYON","picto":null,"level":4,"sellerId":null,"slug":"enfant-jeunesse","selected":false,"children":null,"layers":"\/navigation\/26084\/layers","link":"\/r\/jeux-videos-culture\/dvd-cd-livres\/dvds-blu-ray\/enfant-jeunesse"},{"name":"Policier et Thriller","code":"R18F04SF01SS06","id":"26085","type":"RAYON","picto":null,"level":4,"sellerId":null,"slug":"policier-thriller","selected":false,"children":null,"layers":"\/navigation\/26085\/layers","link":"\/r\/jeux-videos-culture\/dvd-cd-livres\/dvds-blu-ray\/policier-thriller"},{"name":"Fantastique et Science-Fiction","code":"R18F04SF01SS08","id":"26946","type":"RAYON","picto":null,"level":4,"sellerId":null,"slug":"fantastique-science-fiction","selected":false,"children":null,"layers":"\/navigation\/26946\/layers","link":"\/r\/jeux-videos-culture\/dvd-cd-livres\/dvds-blu-ray\/fantastique-science-fiction"},{"name":"Drame et Emotion","code":"R18F04SF01SS09","id":"26947","type":"RAYON","picto":null,"level":4,"sellerId":null,"slug":"drame-emotion","selected":false,"children":null,"layers":"\/navigation\/26947\/layers","link":"\/r\/jeux-videos-culture\/dvd-cd-livres\/dvds-blu-ray\/drame-emotion"},{"name":"Horreur","code":"R18F04SF01SS10","id":"28607","type":"RAYON","picto":null,"level":4,"sellerId":null,"slug":"horreur","selected":false,"children":null,"layers":"\/navigation\/28607\/layers","link":"\/r\/jeux-videos-culture\/dvd-cd-livres\/dvds-blu-ray\/horreur"},{"name":"Autres DVDs","code":"R18F04SF01SS11","id":"28608","type":"RAYON","picto":null,"level":4,"sellerId":null,"slug":"autres-dvd","selected":false,"children":null,"layers":"\/navigation\/28608\/layers","link":"\/r\/jeux-videos-culture\/dvd-cd-livres\/dvds-blu-ray\/autres-dvd"}],"layers":"\/navigation\/26079\/layers","link":"\/r\/jeux-videos-culture\/dvd-cd-livres\/dvds-blu-ray"},{"name":"CDs et Vinyle","code":"R18F04SF02","id":"26087","type":"RAYON","picto":null,"level":3,"sellerId":null,"slug":"cds-vinyles","selected":false,"children":[{"name":"Vinyles","code":"R18F04SF02SS01","id":"26088","type":"RAYON","picto":null,"level":4,"sellerId":null,"slug":"vinyles","selected":false,"children":null,"layers":"\/navigation\/26088\/layers","link":"\/r\/jeux-videos-culture\/dvd-cd-livres\/cds-vinyles\/vinyles"},{"name":"CDs","code":"R18F04SF02SS02","id":"26089","type":"RAYON","picto":null,"level":4,"sellerId":null,"slug":"cds","selected":false,"children":null,"layers":"\/navigation\/26089\/layers","link":"\/r\/jeux-videos-culture\/dvd-cd-livres\/cds-vinyles\/cds"}],"layers":"\/navigation\/26087\/layers","link":"\/r\/jeux-videos-culture\/dvd-cd-livres\/cds-vinyles"}],"layers":"\/navigation\/26034\/layers","link":"\/r\/jeux-videos-culture\/dvd-cd-livres"},{"name":"Instruments de musique","code":"R18F05","id":"26870","type":"RAYON","picto":null,"level":2,"sellerId":null,"slug":"instruments-de-musique","selected":false,"children":null,"layers":"\/navigation\/26870\/layers","link":"\/r\/jeux-videos-culture\/instruments-de-musique"}],"layers":"\/navigation\/26021\/layers","link":"\/r\/jeux-videos-culture"},{"name":"Smartphones et Objets Connect\u00e9s","code":"R19","id":"26020","type":"RAYON","picto":"https:\/\/media.carrefour.fr\/medias\/82100b15c14730fb89c80a9f454006c6\/p_96x96\/26020.jpg","level":1,"sellerId":null,"slug":"smartphones-objets-connectes","selected":false,"children":[{"name":"Smartphones et iPhone","code":"R19F01","id":"26052","type":"RAYON","picto":null,"level":2,"sellerId":null,"slug":"smartphones-iphone","selected":false,"children":[{"name":"Samsung","code":"R19F01SF01","id":"26270","type":"RAYON","picto":null,"level":3,"sellerId":null,"slug":"samsung","selected":false,"children":null,"layers":"\/navigation\/26270\/layers","link":"\/r\/smartphones-objets-connectes\/smartphones-iphone\/samsung"},{"name":"Apple","code":"R19F01SF02","id":"26271","type":"RAYON","picto":null,"level":3,"sellerId":null,"slug":"apple","selected":false,"children":null,"layers":"\/navigation\/26271\/layers","link":"\/r\/smartphones-objets-connectes\/smartphones-iphone\/apple"},{"name":"Huawei","code":"R19F01SF03","id":"26272","type":"RAYON","picto":null,"level":3,"sellerId":null,"slug":"huawei","selected":false,"children":null,"layers":"\/navigation\/26272\/layers","link":"\/r\/smartphones-objets-connectes\/smartphones-iphone\/huawei"},{"name":"Xiaomi","code":"R19F01SF04","id":"26273","type":"RAYON","picto":null,"level":3,"sellerId":null,"slug":"xiaomi","selected":false,"children":null,"layers":"\/navigation\/26273\/layers","link":"\/r\/smartphones-objets-connectes\/smartphones-iphone\/xiaomi"},{"name":"Oppo","code":"R19F01SF05","id":"26274","type":"RAYON","picto":null,"level":3,"sellerId":null,"slug":"oppo","selected":false,"children":null,"layers":"\/navigation\/26274\/layers","link":"\/r\/smartphones-objets-connectes\/smartphones-iphone\/oppo"},{"name":"Nokia","code":"R19F01SF07","id":"26276","type":"RAYON","picto":null,"level":3,"sellerId":null,"slug":"nokia","selected":false,"children":null,"layers":"\/navigation\/26276\/layers","link":"\/r\/smartphones-objets-connectes\/smartphones-iphone\/nokia"},{"name":"Wiko","code":"R19F01SF08","id":"26277","type":"RAYON","picto":null,"level":3,"sellerId":null,"slug":"wiko","selected":false,"children":null,"layers":"\/navigation\/26277\/layers","link":"\/r\/smartphones-objets-connectes\/smartphones-iphone\/wiko"},{"name":"Reconditionn\u00e9","code":"R19F01SF09","id":"26278","type":"RAYON","picto":null,"level":3,"sellerId":null,"slug":"reconditionne","selected":false,"children":null,"layers":"\/navigation\/26278\/layers","link":"\/r\/smartphones-objets-connectes\/smartphones-iphone\/reconditionne"},{"name":"Autres marques","code":"R19F01SF10","id":"26893","type":"RAYON","picto":null,"level":3,"sellerId":null,"slug":"autres-marques","selected":false,"children":null,"layers":"\/navigation\/26893\/layers","link":"\/r\/smartphones-objets-connectes\/smartphones-iphone\/autres-marques"},{"name":"Accessoires de smartphone","code":"R19F01SF11","id":"26279","type":"RAYON","picto":null,"level":3,"sellerId":null,"slug":"accessoires-smartphone","selected":false,"children":[{"name":"Batteries externes","code":"R19F01SF11SS01","id":"26438","type":"RAYON","picto":null,"level":4,"sellerId":null,"slug":"batteries-externes","selected":false,"children":null,"layers":"\/navigation\/26438\/layers","link":"\/r\/smartphones-objets-connectes\/smartphones-iphone\/accessoires-smartphone\/batteries-externes"},{"name":"Chargeurs de smartphone","code":"R19F01SF11SS02","id":"26442","type":"RAYON","picto":null,"level":4,"sellerId":null,"slug":"chargeurs-de-smartphone","selected":false,"children":null,"layers":"\/navigation\/26442\/layers","link":"\/r\/smartphones-objets-connectes\/smartphones-iphone\/accessoires-smartphone\/chargeurs-de-smartphone"},{"name":"Housses, coques et popsockets de smartphone","code":"R19F01SF11SS03","id":"26445","type":"RAYON","picto":null,"level":4,"sellerId":null,"slug":"housses-coques-de-smartphone","selected":false,"children":null,"layers":"\/navigation\/26445\/layers","link":"\/r\/smartphones-objets-connectes\/smartphones-iphone\/accessoires-smartphone\/housses-coques-de-smartphone"},{"name":"Protections \u00e9cran de smartphone","code":"R19F01SF11SS04","id":"26447","type":"RAYON","picto":null,"level":4,"sellerId":null,"slug":"protections-ecran-de-smartphone","selected":false,"children":null,"layers":"\/navigation\/26447\/layers","link":"\/r\/smartphones-objets-connectes\/smartphones-iphone\/accessoires-smartphone\/protections-ecran-de-smartphone"}],"layers":"\/navigation\/26279\/layers","link":"\/r\/smartphones-objets-connectes\/smartphones-iphone\/accessoires-smartphone"}],"layers":"\/navigation\/26052\/layers","link":"\/r\/smartphones-objets-connectes\/smartphones-iphone"},{"name":"Montres Connect\u00e9es","code":"R19F02","id":"26061","type":"RAYON","picto":null,"level":2,"sellerId":null,"slug":"montres-connectees","selected":false,"children":[{"name":"Samsung Galaxy Watch","code":"R19F02SF01","id":"26280","type":"RAYON","picto":null,"level":3,"sellerId":null,"slug":"samsung-galaxy-watch","selected":false,"children":null,"layers":"\/navigation\/26280\/layers","link":"\/r\/smartphones-objets-connectes\/montres-connectees\/samsung-galaxy-watch"},{"name":"Bracelets connect\u00e9s","code":"R19F02SF05","id":"26284","type":"RAYON","picto":null,"level":3,"sellerId":null,"slug":"bracelets-connectes","selected":false,"children":null,"layers":"\/navigation\/26284\/layers","link":"\/r\/smartphones-objets-connectes\/montres-connectees\/bracelets-connectes"}],"layers":"\/navigation\/26061\/layers","link":"\/r\/smartphones-objets-connectes\/montres-connectees"},{"name":"Objets Connect\u00e9s","code":"R19F03","id":"26063","type":"RAYON","picto":null,"level":2,"sellerId":null,"slug":"objets-connectees","selected":false,"children":[{"name":"S\u00e9curit\u00e9 connect\u00e9e","code":"R19F03SF01","id":"26285","type":"RAYON","picto":null,"level":3,"sellerId":null,"slug":"securite-connectee","selected":false,"children":[{"name":"Cam\u00e9ras de surveillance","code":"R19F03SF01SS01","id":"26449","type":"RAYON","picto":null,"level":4,"sellerId":null,"slug":"cameras-de-surveillance","selected":false,"children":null,"layers":"\/navigation\/26449\/layers","link":"\/r\/smartphones-objets-connectes\/objets-connectees\/securite-connectee\/cameras-de-surveillance"}],"layers":"\/navigation\/26285\/layers","link":"\/r\/smartphones-objets-connectes\/objets-connectees\/securite-connectee"},{"name":"Energie connect\u00e9e","code":"R19F03SF02","id":"26286","type":"RAYON","picto":null,"level":3,"sellerId":null,"slug":"energie-connectee","selected":false,"children":[{"name":"Ampoules connect\u00e9es","code":"R19F03SF02SS01","id":"26453","type":"RAYON","picto":null,"level":4,"sellerId":null,"slug":"ampoules-connectees","selected":false,"children":null,"layers":"\/navigation\/26453\/layers","link":"\/r\/smartphones-objets-connectes\/objets-connectees\/energie-connectee\/ampoules-connectees"}],"layers":"\/navigation\/26286\/layers","link":"\/r\/smartphones-objets-connectes\/objets-connectees\/energie-connectee"},{"name":"P\u00e8se-personne et Balances connect\u00e9es","code":"R19F03SF03","id":"26287","type":"RAYON","picto":null,"level":3,"sellerId":null,"slug":"pese-personne-balances-connectees","selected":false,"children":null,"layers":"\/navigation\/26287\/layers","link":"\/r\/smartphones-objets-connectes\/objets-connectees\/pese-personne-balances-connectees"}],"layers":"\/navigation\/26063\/layers","link":"\/r\/smartphones-objets-connectes\/objets-connectees"},{"name":"T\u00e9l\u00e9phones portables","code":"R19F04","id":"26066","type":"RAYON","picto":null,"level":2,"sellerId":null,"slug":"telephones-portables","selected":false,"children":null,"layers":"\/navigation\/26066\/layers","link":"\/r\/smartphones-objets-connectes\/telephones-portables"},{"name":"T\u00e9l\u00e9phones fixes","code":"R19F05","id":"26065","type":"RAYON","picto":null,"level":2,"sellerId":null,"slug":"telephones-fixes","selected":false,"children":null,"layers":"\/navigation\/26065\/layers","link":"\/r\/smartphones-objets-connectes\/telephones-fixes"}],"layers":"\/navigation\/26020\/layers","link":"\/r\/smartphones-objets-connectes"},{"name":"Image et Son","code":"R20","id":"26019","type":"RAYON","picto":"https:\/\/media.carrefour.fr\/medias\/a552ad27da6c3118b9a0eb04fafaaadc\/p_96x96\/26019.jpg","level":1,"sellerId":null,"slug":"image-son","selected":false,"children":[{"name":"TV et Vid\u00e9o","code":"R20F01","id":"26046","type":"RAYON","picto":null,"level":2,"sellerId":null,"slug":"tv-video","selected":false,"children":[{"name":"TV ","code":"R20F01SF01","id":"26256","type":"RAYON","picto":null,"level":3,"sellerId":null,"slug":"tv","selected":false,"children":[{"name":"TV","code":"R20F01SF01SS01","id":"26486","type":"RAYON","picto":null,"level":4,"sellerId":null,"slug":"tv","selected":false,"children":null,"layers":"\/navigation\/26486\/layers","link":"\/r\/image-son\/tv-video\/tv\/tv"},{"name":"Smart TV","code":"R20F01SF01SS02","id":"26487","type":"RAYON","picto":null,"level":4,"sellerId":null,"slug":"smart-tv","selected":false,"children":null,"layers":"\/navigation\/26487\/layers","link":"\/r\/image-son\/tv-video\/tv\/smart-tv"}],"layers":"\/navigation\/26256\/layers","link":"\/r\/image-son\/tv-video\/tv"},{"name":"Home cin\u00e9ma et Barre de son ","code":"R20F01SF03","id":"26258","type":"RAYON","picto":null,"level":3,"sellerId":null,"slug":"home-cinema-barre-de-son","selected":false,"children":[{"name":"Barres de son","code":"R20F01SF03SS02","id":"26493","type":"RAYON","picto":null,"level":4,"sellerId":null,"slug":"barres-son","selected":false,"children":null,"layers":"\/navigation\/26493\/layers","link":"\/r\/image-son\/tv-video\/home-cinema-barre-de-son\/barres-son"},{"name":"Lecteurs DVD et Blu-ray","code":"R20F01SF03SS03","id":"26494","type":"RAYON","picto":null,"level":4,"sellerId":null,"slug":"lecteurs-dvd-blu-ray","selected":false,"children":null,"layers":"\/navigation\/26494\/layers","link":"\/r\/image-son\/tv-video\/home-cinema-barre-de-son\/lecteurs-dvd-blu-ray"}],"layers":"\/navigation\/26258\/layers","link":"\/r\/image-son\/tv-video\/home-cinema-barre-de-son"},{"name":"Accessoires TV, Vid\u00e9o et Meubles","code":"R20F01SF04","id":"26259","type":"RAYON","picto":null,"level":3,"sellerId":null,"slug":"accessoires-tv-video-meubles","selected":false,"children":[{"name":"Chromecast - Apple TV","code":"R20F01SF04SS01","id":"26498","type":"RAYON","picto":null,"level":4,"sellerId":null,"slug":"chromecast-apple-tv","selected":false,"children":null,"layers":"\/navigation\/26498\/layers","link":"\/r\/image-son\/tv-video\/accessoires-tv-video-meubles\/chromecast-apple-tv"},{"name":"T\u00e9l\u00e9commandes","code":"R20F01SF04SS02","id":"26496","type":"RAYON","picto":null,"level":4,"sellerId":null,"slug":"telecommandes","selected":false,"children":null,"layers":"\/navigation\/26496\/layers","link":"\/r\/image-son\/tv-video\/accessoires-tv-video-meubles\/telecommandes"},{"name":"Supports muraux TV","code":"R20F01SF04SS03","id":"26495","type":"RAYON","picto":null,"level":4,"sellerId":null,"slug":"supports-muraux-tv","selected":false,"children":null,"layers":"\/navigation\/26495\/layers","link":"\/r\/image-son\/tv-video\/accessoires-tv-video-meubles\/supports-muraux-tv"},{"name":"Connectiques et C\u00e2bles HDMI","code":"R20F01SF04SS04","id":"26497","type":"RAYON","picto":null,"level":4,"sellerId":null,"slug":"connectiques-cables-hdmi","selected":false,"children":null,"layers":"\/navigation\/26497\/layers","link":"\/r\/image-son\/tv-video\/accessoires-tv-video-meubles\/connectiques-cables-hdmi"},{"name":"Casques TV","code":"R20F01SF04SS06","id":"26500","type":"RAYON","picto":null,"level":4,"sellerId":null,"slug":"casques-tv","selected":false,"children":null,"layers":"\/navigation\/26500\/layers","link":"\/r\/image-son\/tv-video\/accessoires-tv-video-meubles\/casques-tv"},{"name":"D\u00e9codeurs et box TV","code":"R20F01SF04SS07","id":"27183","type":"RAYON","picto":null,"level":4,"sellerId":null,"slug":"decodeur-box-tv","selected":false,"children":null,"layers":"\/navigation\/27183\/layers","link":"\/r\/image-son\/tv-video\/accessoires-tv-video-meubles\/decodeur-box-tv"}],"layers":"\/navigation\/26259\/layers","link":"\/r\/image-son\/tv-video\/accessoires-tv-video-meubles"}],"layers":"\/navigation\/26046\/layers","link":"\/r\/image-son\/tv-video"},{"name":"Son","code":"R20F02","id":"26057","type":"RAYON","picto":null,"level":2,"sellerId":null,"slug":"son","selected":false,"children":[{"name":"Casques et Ecouteurs","code":"R20F02SF01","id":"26260","type":"RAYON","picto":null,"level":3,"sellerId":null,"slug":"casques-ecouteurs","selected":false,"children":[{"name":"Casques sans fil et Bluetooth","code":"R20F02SF01SS01","id":"26501","type":"RAYON","picto":null,"level":4,"sellerId":null,"slug":"casques-sans-fil-bluetooth","selected":false,"children":null,"layers":"\/navigation\/26501\/layers","link":"\/r\/image-son\/son\/casques-ecouteurs\/casques-sans-fil-bluetooth"},{"name":"Casques fil et arceau","code":"R20F02SF01SS02","id":"26502","type":"RAYON","picto":null,"level":4,"sellerId":null,"slug":"casques-fil-arceau","selected":false,"children":null,"layers":"\/navigation\/26502\/layers","link":"\/r\/image-son\/son\/casques-ecouteurs\/casques-fil-arceau"},{"name":"Ecouteurs ","code":"R20F02SF01SS04","id":"26504","type":"RAYON","picto":null,"level":4,"sellerId":null,"slug":"ecouteurs","selected":false,"children":null,"layers":"\/navigation\/26504\/layers","link":"\/r\/image-son\/son\/casques-ecouteurs\/ecouteurs"},{"name":"Ecouteurs intra auriculaire","code":"R20F02SF01SS05","id":"26505","type":"RAYON","picto":null,"level":4,"sellerId":null,"slug":"ecouteurs-intra-auriculaire","selected":false,"children":null,"layers":"\/navigation\/26505\/layers","link":"\/r\/image-son\/son\/casques-ecouteurs\/ecouteurs-intra-auriculaire"},{"name":"Ecouteurs sans fil et Bluetooth","code":"R20F02SF01SS06","id":"26506","type":"RAYON","picto":null,"level":4,"sellerId":null,"slug":"ecouteurs-sans-fil-bluetooth","selected":false,"children":null,"layers":"\/navigation\/26506\/layers","link":"\/r\/image-son\/son\/casques-ecouteurs\/ecouteurs-sans-fil-bluetooth"},{"name":"Ecouteurs sport","code":"R20F02SF01SS07","id":"26507","type":"RAYON","picto":null,"level":4,"sellerId":null,"slug":"ecouteurs-sport","selected":false,"children":null,"layers":"\/navigation\/26507\/layers","link":"\/r\/image-son\/son\/casques-ecouteurs\/ecouteurs-sport"},{"name":"Accessoires audio","code":"R20F02SF01SS09","id":"26891","type":"RAYON","picto":null,"level":4,"sellerId":null,"slug":"accessoires-audio","selected":false,"children":null,"layers":"\/navigation\/26891\/layers","link":"\/r\/image-son\/son\/casques-ecouteurs\/accessoires-audio"}],"layers":"\/navigation\/26260\/layers","link":"\/r\/image-son\/son\/casques-ecouteurs"},{"name":"Enceintes","code":"R20F02SF02","id":"26261","type":"RAYON","picto":null,"level":3,"sellerId":null,"slug":"enceintes","selected":false,"children":[{"name":"Enceintes sans fil et Bluetooth","code":"R20F02SF02SS01","id":"26509","type":"RAYON","picto":null,"level":4,"sellerId":null,"slug":"enceitnes-sans-fil-bluetooth","selected":false,"children":null,"layers":"\/navigation\/26509\/layers","link":"\/r\/image-son\/son\/enceintes\/enceitnes-sans-fil-bluetooth"},{"name":"Enceintes multiroom","code":"R20F02SF02SS02","id":"26510","type":"RAYON","picto":null,"level":4,"sellerId":null,"slug":"enceintes-multiroom","selected":false,"children":null,"layers":"\/navigation\/26510\/layers","link":"\/r\/image-son\/son\/enceintes\/enceintes-multiroom"}],"layers":"\/navigation\/26261\/layers","link":"\/r\/image-son\/son\/enceintes"},{"name":"Enceintes intelligentes","code":"R20F02SF03","id":"26262","type":"RAYON","picto":null,"level":3,"sellerId":null,"slug":"enceintes-intelligentes","selected":false,"children":[{"name":"Google Home ","code":"R20F02SF03SS01","id":"26511","type":"RAYON","picto":null,"level":4,"sellerId":null,"slug":"google-home","selected":false,"children":null,"layers":"\/navigation\/26511\/layers","link":"\/r\/image-son\/son\/enceintes-intelligentes\/google-home"},{"name":"Enceintes \u00e0 commande vocale","code":"R20F02SF03SS02","id":"26512","type":"RAYON","picto":null,"level":4,"sellerId":null,"slug":"enceintes-a-commande-covale","selected":false,"children":null,"layers":"\/navigation\/26512\/layers","link":"\/r\/image-son\/son\/enceintes-intelligentes\/enceintes-a-commande-covale"}],"layers":"\/navigation\/26262\/layers","link":"\/r\/image-son\/son\/enceintes-intelligentes"},{"name":"Chaine hifi","code":"R20F02SF04","id":"26263","type":"RAYON","picto":null,"level":3,"sellerId":null,"slug":"chaines-hifi","selected":false,"children":null,"layers":"\/navigation\/26263\/layers","link":"\/r\/image-son\/son\/chaines-hifi"},{"name":"Radio et radio-r\u00e9veils","code":"R20F02SF05","id":"26264","type":"RAYON","picto":null,"level":3,"sellerId":null,"slug":"radio","selected":false,"children":null,"layers":"\/navigation\/26264\/layers","link":"\/r\/image-son\/son\/radio"},{"name":"Platines vinyles","code":"R20F02SF06","id":"26513","type":"RAYON","picto":null,"level":3,"sellerId":null,"slug":"platines-vinyles","selected":false,"children":null,"layers":"\/navigation\/26513\/layers","link":"\/r\/image-son\/son\/platines-vinyles"},{"name":"Lecteurs MP3 et Baladeurs","code":"R20F02SF07","id":"26892","type":"RAYON","picto":null,"level":3,"sellerId":null,"slug":"lecteurs-mp3-baladeurs","selected":false,"children":null,"layers":"\/navigation\/26892\/layers","link":"\/r\/image-son\/son\/lecteurs-mp3-baladeurs"}],"layers":"\/navigation\/26057\/layers","link":"\/r\/image-son\/son"},{"name":"Appareils photo","code":"R20F03","id":"26059","type":"RAYON","picto":null,"level":2,"sellerId":null,"slug":"appareils-photo","selected":false,"children":[{"name":"Appareils photo","code":"R20F03SF01","id":"26265","type":"RAYON","picto":null,"level":3,"sellerId":null,"slug":"appareils-photo","selected":false,"children":[{"name":"Appareils photo instantan\u00e9es ","code":"R20F03SF01SS01","id":"26514","type":"RAYON","picto":null,"level":4,"sellerId":null,"slug":"appareils-photo-instantanees","selected":false,"children":null,"layers":"\/navigation\/26514\/layers","link":"\/r\/image-son\/appareils-photo\/appareils-photo\/appareils-photo-instantanees"},{"name":"Appareils photo compact et bridge","code":"R20F03SF01SS03","id":"26516","type":"RAYON","picto":null,"level":4,"sellerId":null,"slug":"appareils-photo-compact-bridge","selected":false,"children":null,"layers":"\/navigation\/26516\/layers","link":"\/r\/image-son\/appareils-photo\/appareils-photo\/appareils-photo-compact-bridge"},{"name":"Appareils photo jetable","code":"R20F03SF01SS05","id":"26883","type":"RAYON","picto":null,"level":4,"sellerId":null,"slug":"appareils-photo-jetable","selected":false,"children":null,"layers":"\/navigation\/26883\/layers","link":"\/r\/image-son\/appareils-photo\/appareils-photo\/appareils-photo-jetable"}],"layers":"\/navigation\/26265\/layers","link":"\/r\/image-son\/appareils-photo\/appareils-photo"},{"name":"Cam\u00e9ra sport","code":"R20F03SF02","id":"26266","type":"RAYON","picto":null,"level":3,"sellerId":null,"slug":"camera-sport","selected":false,"children":null,"layers":"\/navigation\/26266\/layers","link":"\/r\/image-son\/appareils-photo\/camera-sport"},{"name":"Drones","code":"R20F03SF03","id":"26267","type":"RAYON","picto":null,"level":3,"sellerId":null,"slug":"drones","selected":false,"children":null,"layers":"\/navigation\/26267\/layers","link":"\/r\/image-son\/appareils-photo\/drones"},{"name":"Cam\u00e9scopes","code":"R20F03SF04","id":"26268","type":"RAYON","picto":null,"level":3,"sellerId":null,"slug":"camescopes","selected":false,"children":null,"layers":"\/navigation\/26268\/layers","link":"\/r\/image-son\/appareils-photo\/camescopes"},{"name":"Accessoires de photo et vid\u00e9o","code":"R20F03SF05","id":"26269","type":"RAYON","picto":null,"level":3,"sellerId":null,"slug":"accessoires-photo-video","selected":false,"children":[{"name":"Tr\u00e9pieds","code":"R20F03SF05SS02","id":"26519","type":"RAYON","picto":null,"level":4,"sellerId":null,"slug":"trepieds","selected":false,"children":null,"layers":"\/navigation\/26519\/layers","link":"\/r\/image-son\/appareils-photo\/accessoires-photo-video\/trepieds"},{"name":"Cartes m\u00e9moire","code":"R20F03SF05SS04","id":"26521","type":"RAYON","picto":null,"level":4,"sellerId":null,"slug":"cartes-memoire","selected":false,"children":null,"layers":"\/navigation\/26521\/layers","link":"\/r\/image-son\/appareils-photo\/accessoires-photo-video\/cartes-memoire"},{"name":"Sacs et Sacoches","code":"R20F03SF05SS05","id":"26522","type":"RAYON","picto":null,"level":4,"sellerId":null,"slug":"sacs-sacoches","selected":false,"children":null,"layers":"\/navigation\/26522\/layers","link":"\/r\/image-son\/appareils-photo\/accessoires-photo-video\/sacs-sacoches"},{"name":"Papier photo","code":"R20F03SF05SS06","id":"26523","type":"RAYON","picto":null,"level":4,"sellerId":null,"slug":"papier-photo","selected":false,"children":null,"layers":"\/navigation\/26523\/layers","link":"\/r\/image-son\/appareils-photo\/accessoires-photo-video\/papier-photo"},{"name":"Pellicules et Films ","code":"R20F03SF05SS07","id":"26524","type":"RAYON","picto":null,"level":4,"sellerId":null,"slug":"pellicules-films","selected":false,"children":null,"layers":"\/navigation\/26524\/layers","link":"\/r\/image-son\/appareils-photo\/accessoires-photo-video\/pellicules-films"}],"layers":"\/navigation\/26269\/layers","link":"\/r\/image-son\/appareils-photo\/accessoires-photo-video"}],"layers":"\/navigation\/26059\/layers","link":"\/r\/image-son\/appareils-photo"}],"layers":"\/navigation\/26019\/layers","link":"\/r\/image-son"},{"name":"Informatique et Bureau","code":"R21","id":"26018","type":"RAYON","picto":"https:\/\/media.carrefour.fr\/medias\/e08cf0e28c5a3c82a41dfa14b2b32dc8\/p_96x96\/26018.jpg","level":1,"sellerId":null,"slug":"informatique-bureau","selected":false,"children":[{"name":"Ordinateurs et Tablettes","code":"R21F01","id":"26040","type":"RAYON","picto":null,"level":2,"sellerId":null,"slug":"ordinateurs-tablettes","selected":false,"children":[{"name":"Ordinateurs portables","code":"R21F01SF01","id":"26099","type":"RAYON","picto":null,"level":3,"sellerId":null,"slug":"ordinateurs-portables","selected":false,"children":[{"name":"Ordinateurs portables","code":"R21F01SF01SS01","id":"26107","type":"RAYON","picto":null,"level":4,"sellerId":null,"slug":"ordinateurs-portables","selected":false,"children":null,"layers":"\/navigation\/26107\/layers","link":"\/r\/informatique-bureau\/ordinateurs-tablettes\/ordinateurs-portables\/ordinateurs-portables"},{"name":"Ordinateurs portables gamer","code":"R21F01SF01SS02","id":"26108","type":"RAYON","picto":null,"level":4,"sellerId":null,"slug":"ordinateurs-portables-gamer","selected":false,"children":null,"layers":"\/navigation\/26108\/layers","link":"\/r\/informatique-bureau\/ordinateurs-tablettes\/ordinateurs-portables\/ordinateurs-portables-gamer"}],"layers":"\/navigation\/26099\/layers","link":"\/r\/informatique-bureau\/ordinateurs-tablettes\/ordinateurs-portables"},{"name":"Macbook ","code":"R21F01SF02","id":"26100","type":"RAYON","picto":null,"level":3,"sellerId":null,"slug":"macbook","selected":false,"children":[{"name":"Macbook Air","code":"R21F01SF02SS01","id":"26111","type":"RAYON","picto":null,"level":4,"sellerId":null,"slug":"macbook-air","selected":false,"children":null,"layers":"\/navigation\/26111\/layers","link":"\/r\/informatique-bureau\/ordinateurs-tablettes\/macbook\/macbook-air"},{"name":"Macbook Pro ","code":"R21F01SF02SS02","id":"26112","type":"RAYON","picto":null,"level":4,"sellerId":null,"slug":"macbook-pro","selected":false,"children":null,"layers":"\/navigation\/26112\/layers","link":"\/r\/informatique-bureau\/ordinateurs-tablettes\/macbook\/macbook-pro"}],"layers":"\/navigation\/26100\/layers","link":"\/r\/informatique-bureau\/ordinateurs-tablettes\/macbook"},{"name":"Ordinateurs de bureau","code":"R21F01SF03","id":"26101","type":"RAYON","picto":null,"level":3,"sellerId":null,"slug":"ordinateurs-de-bureau","selected":false,"children":[{"name":"Ordinateurs tout-en-un","code":"R21F01SF03SS01","id":"26114","type":"RAYON","picto":null,"level":4,"sellerId":null,"slug":"ordinateurs-tout-en-un","selected":false,"children":null,"layers":"\/navigation\/26114\/layers","link":"\/r\/informatique-bureau\/ordinateurs-tablettes\/ordinateurs-de-bureau\/ordinateurs-tout-en-un"},{"name":"Unit\u00e9s centrales","code":"R21F01SF03SS02","id":"26115","type":"RAYON","picto":null,"level":4,"sellerId":null,"slug":"unites-centrales","selected":false,"children":null,"layers":"\/navigation\/26115\/layers","link":"\/r\/informatique-bureau\/ordinateurs-tablettes\/ordinateurs-de-bureau\/unites-centrales"},{"name":"PC gamer","code":"R21F01SF03SS03","id":"26116","type":"RAYON","picto":null,"level":4,"sellerId":null,"slug":"pc-gamer","selected":false,"children":null,"layers":"\/navigation\/26116\/layers","link":"\/r\/informatique-bureau\/ordinateurs-tablettes\/ordinateurs-de-bureau\/pc-gamer"}],"layers":"\/navigation\/26101\/layers","link":"\/r\/informatique-bureau\/ordinateurs-tablettes\/ordinateurs-de-bureau"},{"name":"iMac","code":"R21F01SF04","id":"26102","type":"RAYON","picto":null,"level":3,"sellerId":null,"slug":"imac","selected":false,"children":[{"name":"iMac ","code":"R21F01SF04SS01","id":"26117","type":"RAYON","picto":null,"level":4,"sellerId":null,"slug":"imac","selected":false,"children":null,"layers":"\/navigation\/26117\/layers","link":"\/r\/informatique-bureau\/ordinateurs-tablettes\/imac\/imac"},{"name":"Mac Mini","code":"R21F01SF04SS02","id":"26118","type":"RAYON","picto":null,"level":4,"sellerId":null,"slug":"mac-mini","selected":false,"children":null,"layers":"\/navigation\/26118\/layers","link":"\/r\/informatique-bureau\/ordinateurs-tablettes\/imac\/mac-mini"}],"layers":"\/navigation\/26102\/layers","link":"\/r\/informatique-bureau\/ordinateurs-tablettes\/imac"},{"name":"Tablettes et iPad","code":"R21F01SF05","id":"26103","type":"RAYON","picto":null,"level":3,"sellerId":null,"slug":"tablettes-ipad","selected":false,"children":[{"name":"Tablettes tactiles","code":"R21F01SF05SS01","id":"26120","type":"RAYON","picto":null,"level":4,"sellerId":null,"slug":"tablettes-tactiles","selected":false,"children":null,"layers":"\/navigation\/26120\/layers","link":"\/r\/informatique-bureau\/ordinateurs-tablettes\/tablettes-ipad\/tablettes-tactiles"},{"name":"iPad ","code":"R21F01SF05SS02","id":"26121","type":"RAYON","picto":null,"level":4,"sellerId":null,"slug":"ipad","selected":false,"children":null,"layers":"\/navigation\/26121\/layers","link":"\/r\/informatique-bureau\/ordinateurs-tablettes\/tablettes-ipad\/ipad"},{"name":"Accessoires de tablette","code":"R21F01SF05SS03","id":"26122","type":"RAYON","picto":null,"level":4,"sellerId":null,"slug":"accessoires-de-tablette","selected":false,"children":null,"layers":"\/navigation\/26122\/layers","link":"\/r\/informatique-bureau\/ordinateurs-tablettes\/tablettes-ipad\/accessoires-de-tablette"}],"layers":"\/navigation\/26103\/layers","link":"\/r\/informatique-bureau\/ordinateurs-tablettes\/tablettes-ipad"},{"name":"Ecran PC","code":"R21F01SF06","id":"26104","type":"RAYON","picto":null,"level":3,"sellerId":null,"slug":"ecran-pc","selected":false,"children":[{"name":"Ecran incurv\u00e9","code":"R21F01SF06SS01","id":"26123","type":"RAYON","picto":null,"level":4,"sellerId":null,"slug":"ecran-incurve","selected":false,"children":null,"layers":"\/navigation\/26123\/layers","link":"\/r\/informatique-bureau\/ordinateurs-tablettes\/ecran-pc\/ecran-incurve"},{"name":"Ecran PC gaming ","code":"R21F01SF06SS02","id":"26124","type":"RAYON","picto":null,"level":4,"sellerId":null,"slug":"ecran-pc-gaming","selected":false,"children":null,"layers":"\/navigation\/26124\/layers","link":"\/r\/informatique-bureau\/ordinateurs-tablettes\/ecran-pc\/ecran-pc-gaming"},{"name":"Ecran PC 4K","code":"R21F01SF06SS03","id":"26125","type":"RAYON","picto":null,"level":4,"sellerId":null,"slug":"ecran-pc-4k","selected":false,"children":null,"layers":"\/navigation\/26125\/layers","link":"\/r\/informatique-bureau\/ordinateurs-tablettes\/ecran-pc\/ecran-pc-4k"}],"layers":"\/navigation\/26104\/layers","link":"\/r\/informatique-bureau\/ordinateurs-tablettes\/ecran-pc"},{"name":"P\u00e9riph\u00e9riques et Accessoires d'ordinateur","code":"R21F01SF07","id":"26105","type":"RAYON","picto":null,"level":3,"sellerId":null,"slug":"peripheriques-accessoires-ordinateur","selected":false,"children":[{"name":"Claviers et Souris","code":"R21F01SF07SS01","id":"26126","type":"RAYON","picto":null,"level":4,"sellerId":null,"slug":"claviers-souris","selected":false,"children":null,"layers":"\/navigation\/26126\/layers","link":"\/r\/informatique-bureau\/ordinateurs-tablettes\/peripheriques-accessoires-ordinateur\/claviers-souris"},{"name":"Casques, Micros et Enceintes","code":"R21F01SF07SS02","id":"26127","type":"RAYON","picto":null,"level":4,"sellerId":null,"slug":"casques-micros-enceintes","selected":false,"children":null,"layers":"\/navigation\/26127\/layers","link":"\/r\/informatique-bureau\/ordinateurs-tablettes\/peripheriques-accessoires-ordinateur\/casques-micros-enceintes"},{"name":"Housses et Sacoches","code":"R21F01SF07SS03","id":"26128","type":"RAYON","picto":null,"level":4,"sellerId":null,"slug":"housses-sacoches","selected":false,"children":null,"layers":"\/navigation\/26128\/layers","link":"\/r\/informatique-bureau\/ordinateurs-tablettes\/peripheriques-accessoires-ordinateur\/housses-sacoches"},{"name":"R\u00e9seau connectique : C\u00e2bles, Prises et Routeurs","code":"R21F01SF07SS04","id":"26129","type":"RAYON","picto":null,"level":4,"sellerId":null,"slug":"reseau-connectique-cables-prises-routeurs","selected":false,"children":null,"layers":"\/navigation\/26129\/layers","link":"\/r\/informatique-bureau\/ordinateurs-tablettes\/peripheriques-accessoires-ordinateur\/reseau-connectique-cables-prises-routeurs"},{"name":"Accessoires Gaming","code":"R21F01SF07SS05","id":"26130","type":"RAYON","picto":null,"level":4,"sellerId":null,"slug":"accessoires-gaming","selected":false,"children":null,"layers":"\/navigation\/26130\/layers","link":"\/r\/informatique-bureau\/ordinateurs-tablettes\/peripheriques-accessoires-ordinateur\/accessoires-gaming"},{"name":"Autres accessoires","code":"R21F01SF07SS06","id":"26131","type":"RAYON","picto":null,"level":4,"sellerId":null,"slug":"autres-accessoires","selected":false,"children":null,"layers":"\/navigation\/26131\/layers","link":"\/r\/informatique-bureau\/ordinateurs-tablettes\/peripheriques-accessoires-ordinateur\/autres-accessoires"}],"layers":"\/navigation\/26105\/layers","link":"\/r\/informatique-bureau\/ordinateurs-tablettes\/peripheriques-accessoires-ordinateur"},{"name":"Stockage","code":"R21F01SF08","id":"26106","type":"RAYON","picto":null,"level":3,"sellerId":null,"slug":"stockage","selected":false,"children":[{"name":"Disques durs","code":"R21F01SF08SS01","id":"26133","type":"RAYON","picto":null,"level":4,"sellerId":null,"slug":"disques-durs","selected":false,"children":null,"layers":"\/navigation\/26133\/layers","link":"\/r\/informatique-bureau\/ordinateurs-tablettes\/stockage\/disques-durs"},{"name":"Cl\u00e9s USB","code":"R21F01SF08SS02","id":"26134","type":"RAYON","picto":null,"level":4,"sellerId":null,"slug":"cles-usb","selected":false,"children":null,"layers":"\/navigation\/26134\/layers","link":"\/r\/informatique-bureau\/ordinateurs-tablettes\/stockage\/cles-usb"},{"name":"Cartes m\u00e9moire","code":"R21F01SF08SS03","id":"26135","type":"RAYON","picto":null,"level":4,"sellerId":null,"slug":"cartes-memoires","selected":false,"children":null,"layers":"\/navigation\/26135\/layers","link":"\/r\/informatique-bureau\/ordinateurs-tablettes\/stockage\/cartes-memoires"}],"layers":"\/navigation\/26106\/layers","link":"\/r\/informatique-bureau\/ordinateurs-tablettes\/stockage"}],"layers":"\/navigation\/26040\/layers","link":"\/r\/informatique-bureau\/ordinateurs-tablettes"},{"name":"Imprimantes et Consommables","code":"R21F02","id":"26042","type":"RAYON","picto":null,"level":2,"sellerId":null,"slug":"imprimantes-consommables","selected":false,"children":[{"name":"Imprimantes multifonctions","code":"R21F02SF01","id":"26888","type":"RAYON","picto":null,"level":3,"sellerId":null,"slug":"imprimantes-multifonctions","selected":false,"children":null,"layers":"\/navigation\/26888\/layers","link":"\/r\/informatique-bureau\/imprimantes-consommables\/imprimantes-multifonctions"},{"name":"Imprimantes tout-en-un","code":"R21F02SF03","id":"26889","type":"RAYON","picto":null,"level":3,"sellerId":null,"slug":"imprimante-tout-en-un","selected":false,"children":null,"layers":"\/navigation\/26889\/layers","link":"\/r\/informatique-bureau\/imprimantes-consommables\/imprimante-tout-en-un"},{"name":"Imprimantes photo","code":"R21F02SF04","id":"26139","type":"RAYON","picto":null,"level":3,"sellerId":null,"slug":"imprimantes-photo","selected":false,"children":null,"layers":"\/navigation\/26139\/layers","link":"\/r\/informatique-bureau\/imprimantes-consommables\/imprimantes-photo"},{"name":"Cartouches d'encre ","code":"R21F02SF06","id":"26142","type":"RAYON","picto":null,"level":3,"sellerId":null,"slug":"cartouches-dencre","selected":false,"children":null,"layers":"\/navigation\/26142\/layers","link":"\/r\/informatique-bureau\/imprimantes-consommables\/cartouches-dencre"},{"name":"Papier imprimante","code":"R21F02SF07","id":"26144","type":"RAYON","picto":null,"level":3,"sellerId":null,"slug":"papier-dimprimante","selected":false,"children":null,"layers":"\/navigation\/26144\/layers","link":"\/r\/informatique-bureau\/imprimantes-consommables\/papier-dimprimante"}],"layers":"\/navigation\/26042\/layers","link":"\/r\/informatique-bureau\/imprimantes-consommables"},{"name":"Fournitures scolaires et Papeterie","code":"R21F03","id":"26044","type":"RAYON","picto":null,"level":2,"sellerId":null,"slug":"fournitures-scolaires-papeterie","selected":false,"children":[{"name":"Cahiers et Feuilles","code":"R21F03SF01","id":"26160","type":"RAYON","picto":null,"level":3,"sellerId":null,"slug":"cahier-feuilles","selected":false,"children":[{"name":"Cahiers","code":"R21F03SF01SS01","id":"26175","type":"RAYON","picto":null,"level":4,"sellerId":null,"slug":"cahiers","selected":false,"children":null,"layers":"\/navigation\/26175\/layers","link":"\/r\/informatique-bureau\/fournitures-scolaires-papeterie\/cahier-feuilles\/cahiers"},{"name":"Feuilles","code":"R21F03SF01SS02","id":"26178","type":"RAYON","picto":null,"level":4,"sellerId":null,"slug":"feuilles","selected":false,"children":null,"layers":"\/navigation\/26178\/layers","link":"\/r\/informatique-bureau\/fournitures-scolaires-papeterie\/cahier-feuilles\/feuilles"},{"name":"Bloc-notes, Post-it et Carnets","code":"R21F03SF01SS03","id":"26181","type":"RAYON","picto":null,"level":4,"sellerId":null,"slug":"bloc-notes-post-it-carnets","selected":false,"children":null,"layers":"\/navigation\/26181\/layers","link":"\/r\/informatique-bureau\/fournitures-scolaires-papeterie\/cahier-feuilles\/bloc-notes-post-it-carnets"}],"layers":"\/navigation\/26160\/layers","link":"\/r\/informatique-bureau\/fournitures-scolaires-papeterie\/cahier-feuilles"},{"name":"Ecriture","code":"R21F03SF02","id":"26162","type":"RAYON","picto":null,"level":3,"sellerId":null,"slug":"ecriture","selected":false,"children":[{"name":"Stylos feutre et Rollers","code":"R21F03SF02SS01","id":"26183","type":"RAYON","picto":null,"level":4,"sellerId":null,"slug":"stylos-feutres-rollers","selected":false,"children":null,"layers":"\/navigation\/26183\/layers","link":"\/r\/informatique-bureau\/fournitures-scolaires-papeterie\/ecriture\/stylos-feutres-rollers"},{"name":"Stylos bille","code":"R21F03SF02SS02","id":"26184","type":"RAYON","picto":null,"level":4,"sellerId":null,"slug":"stylos-bille","selected":false,"children":null,"layers":"\/navigation\/26184\/layers","link":"\/r\/informatique-bureau\/fournitures-scolaires-papeterie\/ecriture\/stylos-bille"},{"name":"Stylos plume et Cartouches","code":"R21F03SF02SS03","id":"26186","type":"RAYON","picto":null,"level":4,"sellerId":null,"slug":"stylos-plume-cartouches","selected":false,"children":null,"layers":"\/navigation\/26186\/layers","link":"\/r\/informatique-bureau\/fournitures-scolaires-papeterie\/ecriture\/stylos-plume-cartouches"},{"name":"Effaceurs","code":"R21F03SF02SS04","id":"26188","type":"RAYON","picto":null,"level":4,"sellerId":null,"slug":"effaceurs","selected":false,"children":null,"layers":"\/navigation\/26188\/layers","link":"\/r\/informatique-bureau\/fournitures-scolaires-papeterie\/ecriture\/effaceurs"},{"name":"Crayons papier, Gommes et Taille-crayons","code":"R21F03SF02SS05","id":"26189","type":"RAYON","picto":null,"level":4,"sellerId":null,"slug":"crayons-papier-gomme-taille-crayons","selected":false,"children":null,"layers":"\/navigation\/26189\/layers","link":"\/r\/informatique-bureau\/fournitures-scolaires-papeterie\/ecriture\/crayons-papier-gomme-taille-crayons"},{"name":"Marqueurs et Surligneurs","code":"R21F03SF02SS06","id":"26191","type":"RAYON","picto":null,"level":4,"sellerId":null,"slug":"marqueurs-surligneurs","selected":false,"children":null,"layers":"\/navigation\/26191\/layers","link":"\/r\/informatique-bureau\/fournitures-scolaires-papeterie\/ecriture\/marqueurs-surligneurs"}],"layers":"\/navigation\/26162\/layers","link":"\/r\/informatique-bureau\/fournitures-scolaires-papeterie\/ecriture"},{"name":"Dessin","code":"R21F03SF03","id":"26163","type":"RAYON","picto":null,"level":3,"sellerId":null,"slug":"dessin","selected":false,"children":[{"name":"Papier dessin et sp\u00e9cial","code":"R21F03SF03SS01","id":"26193","type":"RAYON","picto":null,"level":4,"sellerId":null,"slug":"papier-dessin-special","selected":false,"children":null,"layers":"\/navigation\/26193\/layers","link":"\/r\/informatique-bureau\/fournitures-scolaires-papeterie\/dessin\/papier-dessin-special"},{"name":"Crayons de couleur","code":"R21F03SF03SS02","id":"26194","type":"RAYON","picto":null,"level":4,"sellerId":null,"slug":"crayons-de-couleur-","selected":false,"children":null,"layers":"\/navigation\/26194\/layers","link":"\/r\/informatique-bureau\/fournitures-scolaires-papeterie\/dessin\/crayons-de-couleur-"},{"name":"Feutres","code":"R21F03SF03SS03","id":"26196","type":"RAYON","picto":null,"level":4,"sellerId":null,"slug":"feutres","selected":false,"children":null,"layers":"\/navigation\/26196\/layers","link":"\/r\/informatique-bureau\/fournitures-scolaires-papeterie\/dessin\/feutres"},{"name":"Peintures, Blouses et Ardoises","code":"R21F03SF03SS04","id":"26197","type":"RAYON","picto":null,"level":4,"sellerId":null,"slug":"peintures-blouses-ardoises","selected":false,"children":null,"layers":"\/navigation\/26197\/layers","link":"\/r\/informatique-bureau\/fournitures-scolaires-papeterie\/dessin\/peintures-blouses-ardoises"}],"layers":"\/navigation\/26163\/layers","link":"\/r\/informatique-bureau\/fournitures-scolaires-papeterie\/dessin"},{"name":"Petites fournitures","code":"R21F03SF04","id":"26165","type":"RAYON","picto":null,"level":3,"sellerId":null,"slug":"petites-fournitures","selected":false,"children":[{"name":"Agrafeuses et Perforatrices","code":"R21F03SF04SS01","id":"26199","type":"RAYON","picto":null,"level":4,"sellerId":null,"slug":"agrafeuses-perforatrices","selected":false,"children":null,"layers":"\/navigation\/26199\/layers","link":"\/r\/informatique-bureau\/fournitures-scolaires-papeterie\/petites-fournitures\/agrafeuses-perforatrices"},{"name":"Ciseaux et Coupe","code":"R21F03SF04SS02","id":"26201","type":"RAYON","picto":null,"level":4,"sellerId":null,"slug":"ciseaux-coupe","selected":false,"children":null,"layers":"\/navigation\/26201\/layers","link":"\/r\/informatique-bureau\/fournitures-scolaires-papeterie\/petites-fournitures\/ciseaux-coupe"},{"name":"R\u00e8gles, Equerres et Rapporteurs","code":"R21F03SF04SS03","id":"26203","type":"RAYON","picto":null,"level":4,"sellerId":null,"slug":"regles-equerres-rapporteurs","selected":false,"children":null,"layers":"\/navigation\/26203\/layers","link":"\/r\/informatique-bureau\/fournitures-scolaires-papeterie\/petites-fournitures\/regles-equerres-rapporteurs"},{"name":"Colles, Adh\u00e9sifs et Oeillets","code":"R21F03SF04SS04","id":"26207","type":"RAYON","picto":null,"level":4,"sellerId":null,"slug":"colles-adhesifs-oeuillets","selected":false,"children":null,"layers":"\/navigation\/26207\/layers","link":"\/r\/informatique-bureau\/fournitures-scolaires-papeterie\/petites-fournitures\/colles-adhesifs-oeuillets"},{"name":"Etiquettes et Tampons","code":"R21F03SF04SS05","id":"26209","type":"RAYON","picto":null,"level":4,"sellerId":null,"slug":"etiquettes-tampons","selected":false,"children":null,"layers":"\/navigation\/26209\/layers","link":"\/r\/informatique-bureau\/fournitures-scolaires-papeterie\/petites-fournitures\/etiquettes-tampons"}],"layers":"\/navigation\/26165\/layers","link":"\/r\/informatique-bureau\/fournitures-scolaires-papeterie\/petites-fournitures"},{"name":"Calculatrices","code":"R21F03SF05","id":"26166","type":"RAYON","picto":null,"level":3,"sellerId":null,"slug":"calculatrices","selected":false,"children":null,"layers":"\/navigation\/26166\/layers","link":"\/r\/informatique-bureau\/fournitures-scolaires-papeterie\/calculatrices"},{"name":"Classement et Protections","code":"R21F03SF07","id":"26170","type":"RAYON","picto":null,"level":3,"sellerId":null,"slug":"classement-protections","selected":false,"children":[{"name":"Classeurs et Intercalaires","code":"R21F03SF07SS01","id":"26217","type":"RAYON","picto":null,"level":4,"sellerId":null,"slug":"classeurs-intercalaires","selected":false,"children":null,"layers":"\/navigation\/26217\/layers","link":"\/r\/informatique-bureau\/fournitures-scolaires-papeterie\/classement-protections\/classeurs-intercalaires"},{"name":"Chemises et Trieurs","code":"R21F03SF07SS02","id":"26220","type":"RAYON","picto":null,"level":4,"sellerId":null,"slug":"chemises-trieurs","selected":false,"children":null,"layers":"\/navigation\/26220\/layers","link":"\/r\/informatique-bureau\/fournitures-scolaires-papeterie\/classement-protections\/chemises-trieurs"},{"name":"Pochettes","code":"R21F03SF07SS03","id":"26232","type":"RAYON","picto":null,"level":4,"sellerId":null,"slug":"pochettes","selected":false,"children":null,"layers":"\/navigation\/26232\/layers","link":"\/r\/informatique-bureau\/fournitures-scolaires-papeterie\/classement-protections\/pochettes"},{"name":"Prot\u00e8ges cahier","code":"R21F03SF07SS04","id":"26221","type":"RAYON","picto":null,"level":4,"sellerId":null,"slug":"proteges-cahier","selected":false,"children":null,"layers":"\/navigation\/26221\/layers","link":"\/r\/informatique-bureau\/fournitures-scolaires-papeterie\/classement-protections\/proteges-cahier"}],"layers":"\/navigation\/26170\/layers","link":"\/r\/informatique-bureau\/fournitures-scolaires-papeterie\/classement-protections"},{"name":"Agendas et Accessoires de bureau","code":"R21F03SF08","id":"26172","type":"RAYON","picto":null,"level":3,"sellerId":null,"slug":"agendas-accessoires-de-bureau","selected":false,"children":[{"name":"Enveloppes et Papier \u00e0 lettre","code":"R21F03SF08SS01","id":"26223","type":"RAYON","picto":null,"level":4,"sellerId":null,"slug":"enveloppes-papier-a-lettre","selected":false,"children":null,"layers":"\/navigation\/26223\/layers","link":"\/r\/informatique-bureau\/fournitures-scolaires-papeterie\/agendas-accessoires-de-bureau\/enveloppes-papier-a-lettre"},{"name":"Carterie","code":"R21F03SF08SS02","id":"26225","type":"RAYON","picto":null,"level":4,"sellerId":null,"slug":"carterie","selected":false,"children":null,"layers":"\/navigation\/26225\/layers","link":"\/r\/informatique-bureau\/fournitures-scolaires-papeterie\/agendas-accessoires-de-bureau\/carterie"},{"name":"Agendas, Journaux et Calendriers","code":"R21F03SF08SS03","id":"26227","type":"RAYON","picto":null,"level":4,"sellerId":null,"slug":"agendas-journaux-calendriers","selected":false,"children":null,"layers":"\/navigation\/26227\/layers","link":"\/r\/informatique-bureau\/fournitures-scolaires-papeterie\/agendas-accessoires-de-bureau\/agendas-journaux-calendriers"},{"name":"Trombones et autres fournitures de bureau","code":"R21F03SF08SS05","id":"26231","type":"RAYON","picto":null,"level":4,"sellerId":null,"slug":"trombones-autres-fournitures-bureau","selected":false,"children":null,"layers":"\/navigation\/26231\/layers","link":"\/r\/informatique-bureau\/fournitures-scolaires-papeterie\/agendas-accessoires-de-bureau\/trombones-autres-fournitures-bureau"},{"name":"Papier cadeau et Boites","code":"R21F03SF08SS06","id":"26234","type":"RAYON","picto":null,"level":4,"sellerId":null,"slug":"papier-cadeau-boites","selected":false,"children":null,"layers":"\/navigation\/26234\/layers","link":"\/r\/informatique-bureau\/fournitures-scolaires-papeterie\/agendas-accessoires-de-bureau\/papier-cadeau-boites"}],"layers":"\/navigation\/26172\/layers","link":"\/r\/informatique-bureau\/fournitures-scolaires-papeterie\/agendas-accessoires-de-bureau"},{"name":"Albums photo","code":"R21F03SF09","id":"26174","type":"RAYON","picto":null,"level":3,"sellerId":null,"slug":"albums-photo","selected":false,"children":null,"layers":"\/navigation\/26174\/layers","link":"\/r\/informatique-bureau\/fournitures-scolaires-papeterie\/albums-photo"}],"layers":"\/navigation\/26044\/layers","link":"\/r\/informatique-bureau\/fournitures-scolaires-papeterie"}],"layers":"\/navigation\/26018\/layers","link":"\/r\/informatique-bureau"},{"name":"Jouets, Sports et Loisirs","code":"R22","id":"26590","type":"RAYON","picto":"https:\/\/media.carrefour.fr\/medias\/b977286587613675b3dfa62218d5f32e\/p_96x96\/26590.jpg","level":1,"sellerId":null,"slug":"jouets-sports-loisirs","selected":false,"children":[{"name":"Jeux et Jouets","code":"R22F01","id":"26068","type":"RAYON","picto":null,"level":2,"sellerId":null,"slug":"jeux-jouets","selected":false,"children":[{"name":"Jouets 1er \u00e2ge et Peluches","code":"R22F01SF01","id":"26289","type":"RAYON","picto":null,"level":3,"sellerId":null,"slug":"jouets-1-age-peluches","selected":false,"children":[{"name":"Peluches","code":"R22F01SF01SS01","id":"26529","type":"RAYON","picto":null,"level":4,"sellerId":null,"slug":"peluches","selected":false,"children":null,"layers":"\/navigation\/26529\/layers","link":"\/r\/jouets-sports-loisirs\/jeux-jouets\/jouets-1-age-peluches\/peluches"},{"name":"Jouets d'\u00e9veil ","code":"R22F01SF01SS02","id":"26530","type":"RAYON","picto":null,"level":4,"sellerId":null,"slug":"jouets-eveil","selected":false,"children":null,"layers":"\/navigation\/26530\/layers","link":"\/r\/jouets-sports-loisirs\/jeux-jouets\/jouets-1-age-peluches\/jouets-eveil"},{"name":"Jouets de bain","code":"R22F01SF01SS03","id":"26531","type":"RAYON","picto":null,"level":4,"sellerId":null,"slug":"jouets-de-bain","selected":false,"children":null,"layers":"\/navigation\/26531\/layers","link":"\/r\/jouets-sports-loisirs\/jeux-jouets\/jouets-1-age-peluches\/jouets-de-bain"},{"name":"Jouets de construction et assemblage","code":"R22F01SF01SS04","id":"26532","type":"RAYON","picto":null,"level":4,"sellerId":null,"slug":"jouets-construction-assemblage","selected":false,"children":null,"layers":"\/navigation\/26532\/layers","link":"\/r\/jouets-sports-loisirs\/jeux-jouets\/jouets-1-age-peluches\/jouets-construction-assemblage"},{"name":"Tapis, Mobiles et Veilleuses","code":"R22F01SF01SS05","id":"26533","type":"RAYON","picto":null,"level":4,"sellerId":null,"slug":"tapis-mobiles-veilleuses","selected":false,"children":null,"layers":"\/navigation\/26533\/layers","link":"\/r\/jouets-sports-loisirs\/jeux-jouets\/jouets-1-age-peluches\/tapis-mobiles-veilleuses"},{"name":"Jouets en bois ","code":"R22F01SF01SS06","id":"26534","type":"RAYON","picto":null,"level":4,"sellerId":null,"slug":"jouets-en-bois","selected":false,"children":null,"layers":"\/navigation\/26534\/layers","link":"\/r\/jouets-sports-loisirs\/jeux-jouets\/jouets-1-age-peluches\/jouets-en-bois"},{"name":"Hochets et Anneaux","code":"R22F01SF01SS07","id":"26535","type":"RAYON","picto":null,"level":4,"sellerId":null,"slug":"hochets-anneaux","selected":false,"children":null,"layers":"\/navigation\/26535\/layers","link":"\/r\/jouets-sports-loisirs\/jeux-jouets\/jouets-1-age-peluches\/hochets-anneaux"}],"layers":"\/navigation\/26289\/layers","link":"\/r\/jouets-sports-loisirs\/jeux-jouets\/jouets-1-age-peluches"},{"name":"Jeux \u00e9ducatifs","code":"R22F01SF02","id":"26288","type":"RAYON","picto":null,"level":3,"sellerId":null,"slug":"jeux-educatifs","selected":false,"children":[{"name":"Ordinateurs et Tablettes enfants \u00e9lectroniques","code":"R22F01SF02SS01","id":"26525","type":"RAYON","picto":null,"level":4,"sellerId":null,"slug":"ordinateurs-tablettes-enfants-electroniques","selected":false,"children":null,"layers":"\/navigation\/26525\/layers","link":"\/r\/jouets-sports-loisirs\/jeux-jouets\/jeux-educatifs\/ordinateurs-tablettes-enfants-electroniques"},{"name":"Jeux \u00e9ducatifs ","code":"R22F01SF02SS02","id":"26528","type":"RAYON","picto":null,"level":4,"sellerId":null,"slug":"jeux-educatifs","selected":false,"children":null,"layers":"\/navigation\/26528\/layers","link":"\/r\/jouets-sports-loisirs\/jeux-jouets\/jeux-educatifs\/jeux-educatifs"},{"name":"Jeux scientifiques","code":"R22F01SF02SS03","id":"26526","type":"RAYON","picto":null,"level":4,"sellerId":null,"slug":"jeux-scientifiques","selected":false,"children":null,"layers":"\/navigation\/26526\/layers","link":"\/r\/jouets-sports-loisirs\/jeux-jouets\/jeux-educatifs\/jeux-scientifiques"},{"name":"Premiers apprentissages","code":"R22F01SF02SS04","id":"26527","type":"RAYON","picto":null,"level":4,"sellerId":null,"slug":"premiers-apprentissages","selected":false,"children":null,"layers":"\/navigation\/26527\/layers","link":"\/r\/jouets-sports-loisirs\/jeux-jouets\/jeux-educatifs\/premiers-apprentissages"}],"layers":"\/navigation\/26288\/layers","link":"\/r\/jouets-sports-loisirs\/jeux-jouets\/jeux-educatifs"},{"name":"Jeux d'imitation et D\u00e9guisements","code":"R22F01SF03","id":"26290","type":"RAYON","picto":null,"level":3,"sellerId":null,"slug":"jeux-imitation-deguisements","selected":false,"children":[{"name":"Cuisines, Dinettes et Marchandes","code":"R22F01SF03SS01","id":"26537","type":"RAYON","picto":null,"level":4,"sellerId":null,"slug":"cuisines-dinettes-marchandes","selected":false,"children":null,"layers":"\/navigation\/26537\/layers","link":"\/r\/jouets-sports-loisirs\/jeux-jouets\/jeux-imitation-deguisements\/cuisines-dinettes-marchandes"},{"name":"Jouets de bricolage","code":"R22F01SF03SS02","id":"26538","type":"RAYON","picto":null,"level":4,"sellerId":null,"slug":"jouets-bricolage","selected":false,"children":null,"layers":"\/navigation\/26538\/layers","link":"\/r\/jouets-sports-loisirs\/jeux-jouets\/jeux-imitation-deguisements\/jouets-bricolage"},{"name":"M\u00e9nage","code":"R22F01SF03SS03","id":"26539","type":"RAYON","picto":null,"level":4,"sellerId":null,"slug":"menage","selected":false,"children":null,"layers":"\/navigation\/26539\/layers","link":"\/r\/jouets-sports-loisirs\/jeux-jouets\/jeux-imitation-deguisements\/menage"},{"name":"Docteur et V\u00e9t\u00e9rinaire","code":"R22F01SF03SS04","id":"26540","type":"RAYON","picto":null,"level":4,"sellerId":null,"slug":"docteur-veterinaire","selected":false,"children":null,"layers":"\/navigation\/26540\/layers","link":"\/r\/jouets-sports-loisirs\/jeux-jouets\/jeux-imitation-deguisements\/docteur-veterinaire"},{"name":"T\u00eates \u00e0 coiffer, Maquillage et Bijoux","code":"R22F01SF03SS05","id":"26536","type":"RAYON","picto":null,"level":4,"sellerId":null,"slug":"tetes-a-coiffer-maquillage-bijoux","selected":false,"children":null,"layers":"\/navigation\/26536\/layers","link":"\/r\/jouets-sports-loisirs\/jeux-jouets\/jeux-imitation-deguisements\/tetes-a-coiffer-maquillage-bijoux"},{"name":"D\u00e9guisements","code":"R22F01SF03SS06","id":"26541","type":"RAYON","picto":null,"level":4,"sellerId":null,"slug":"deguisements","selected":false,"children":null,"layers":"\/navigation\/26541\/layers","link":"\/r\/jouets-sports-loisirs\/jeux-jouets\/jeux-imitation-deguisements\/deguisements"}],"layers":"\/navigation\/26290\/layers","link":"\/r\/jouets-sports-loisirs\/jeux-jouets\/jeux-imitation-deguisements"},{"name":"Jeux de construction","code":"R22F01SF04","id":"26291","type":"RAYON","picto":null,"level":3,"sellerId":null,"slug":"jeux-construction","selected":false,"children":[{"name":"LEGO","code":"R22F01SF04SS01","id":"26542","type":"RAYON","picto":null,"level":4,"sellerId":null,"slug":"lego","selected":false,"children":null,"layers":"\/navigation\/26542\/layers","link":"\/r\/jouets-sports-loisirs\/jeux-jouets\/jeux-construction\/lego"},{"name":"Playmobil ","code":"R22F01SF04SS02","id":"26543","type":"RAYON","picto":null,"level":4,"sellerId":null,"slug":"playmobil","selected":false,"children":null,"layers":"\/navigation\/26543\/layers","link":"\/r\/jouets-sports-loisirs\/jeux-jouets\/jeux-construction\/playmobil"},{"name":"Meccano","code":"R22F01SF04SS03","id":"26545","type":"RAYON","picto":null,"level":4,"sellerId":null,"slug":"meccano","selected":false,"children":null,"layers":"\/navigation\/26545\/layers","link":"\/r\/jouets-sports-loisirs\/jeux-jouets\/jeux-construction\/meccano"},{"name":"Mega Blocks","code":"R22F01SF04SS04","id":"26546","type":"RAYON","picto":null,"level":4,"sellerId":null,"slug":"mega-blocks","selected":false,"children":null,"layers":"\/navigation\/26546\/layers","link":"\/r\/jouets-sports-loisirs\/jeux-jouets\/jeux-construction\/mega-blocks"},{"name":"Geo Mag","code":"R22F01SF04SS05","id":"26547","type":"RAYON","picto":null,"level":4,"sellerId":null,"slug":"geo-mag","selected":false,"children":null,"layers":"\/navigation\/26547\/layers","link":"\/r\/jouets-sports-loisirs\/jeux-jouets\/jeux-construction\/geo-mag"},{"name":"Jeux de construction en bois","code":"R22F01SF04SS06","id":"26544","type":"RAYON","picto":null,"level":4,"sellerId":null,"slug":"jeux-construction-en-bois","selected":false,"children":null,"layers":"\/navigation\/26544\/layers","link":"\/r\/jouets-sports-loisirs\/jeux-jouets\/jeux-construction\/jeux-construction-en-bois"},{"name":"Autres jeux de construction","code":"R22F01SF04SS07","id":"26903","type":"RAYON","picto":null,"level":4,"sellerId":null,"slug":"autres-jeux-de-construction","selected":false,"children":null,"layers":"\/navigation\/26903\/layers","link":"\/r\/jouets-sports-loisirs\/jeux-jouets\/jeux-construction\/autres-jeux-de-construction"}],"layers":"\/navigation\/26291\/layers","link":"\/r\/jouets-sports-loisirs\/jeux-jouets\/jeux-construction"},{"name":"V\u00e9hicules, Circuits et Garages","code":"R22F01SF05","id":"26297","type":"RAYON","picto":null,"level":3,"sellerId":null,"slug":"vehicules-circuits-garages","selected":false,"children":[{"name":"V\u00e9hicules t\u00e9l\u00e9command\u00e9s","code":"R22F01SF05SS01","id":"26572","type":"RAYON","picto":null,"level":4,"sellerId":null,"slug":"vehicules-telecommandes","selected":false,"children":null,"layers":"\/navigation\/26572\/layers","link":"\/r\/jouets-sports-loisirs\/jeux-jouets\/vehicules-circuits-garages\/vehicules-telecommandes"},{"name":"Circuits et Garages","code":"R22F01SF05SS02","id":"26575","type":"RAYON","picto":null,"level":4,"sellerId":null,"slug":"circuits-garages","selected":false,"children":null,"layers":"\/navigation\/26575\/layers","link":"\/r\/jouets-sports-loisirs\/jeux-jouets\/vehicules-circuits-garages\/circuits-garages"},{"name":"Robots et Drones","code":"R22F01SF05SS03","id":"26576","type":"RAYON","picto":null,"level":4,"sellerId":null,"slug":"robots-drones","selected":false,"children":null,"layers":"\/navigation\/26576\/layers","link":"\/r\/jouets-sports-loisirs\/jeux-jouets\/vehicules-circuits-garages\/robots-drones"},{"name":"V\u00e9hicules transformables","code":"R22F01SF05SS04","id":"26577","type":"RAYON","picto":null,"level":4,"sellerId":null,"slug":"vehicules-transformables","selected":false,"children":null,"layers":"\/navigation\/26577\/layers","link":"\/r\/jouets-sports-loisirs\/jeux-jouets\/vehicules-circuits-garages\/vehicules-transformables"},{"name":"V\u00e9hicules miniatures","code":"R22F01SF05SS05","id":"26574","type":"RAYON","picto":null,"level":4,"sellerId":null,"slug":"vehicules-miniatures","selected":false,"children":null,"layers":"\/navigation\/26574\/layers","link":"\/r\/jouets-sports-loisirs\/jeux-jouets\/vehicules-circuits-garages\/vehicules-miniatures"},{"name":"V\u00e9hicules \u00e0 fonction","code":"R22F01SF05SS06","id":"26571","type":"RAYON","picto":null,"level":4,"sellerId":null,"slug":"vehicules-a-fonction","selected":false,"children":null,"layers":"\/navigation\/26571\/layers","link":"\/r\/jouets-sports-loisirs\/jeux-jouets\/vehicules-circuits-garages\/vehicules-a-fonction"},{"name":"V\u00e9hicules de chantier","code":"R22F01SF05SS07","id":"26578","type":"RAYON","picto":null,"level":4,"sellerId":null,"slug":"vehicules-chantier","selected":false,"children":null,"layers":"\/navigation\/26578\/layers","link":"\/r\/jouets-sports-loisirs\/jeux-jouets\/vehicules-circuits-garages\/vehicules-chantier"},{"name":"V\u00e9hicules de secours","code":"R22F01SF05SS08","id":"26579","type":"RAYON","picto":null,"level":4,"sellerId":null,"slug":"vehicules-secours","selected":false,"children":null,"layers":"\/navigation\/26579\/layers","link":"\/r\/jouets-sports-loisirs\/jeux-jouets\/vehicules-circuits-garages\/vehicules-secours"},{"name":"V\u00e9hicules de collection","code":"R22F01SF05SS09","id":"26573","type":"RAYON","picto":null,"level":4,"sellerId":null,"slug":"vehicules-collection","selected":false,"children":null,"layers":"\/navigation\/26573\/layers","link":"\/r\/jouets-sports-loisirs\/jeux-jouets\/vehicules-circuits-garages\/vehicules-collection"}],"layers":"\/navigation\/26297\/layers","link":"\/r\/jouets-sports-loisirs\/jeux-jouets\/vehicules-circuits-garages"},{"name":"Poup\u00e9es","code":"R22F01SF06","id":"26294","type":"RAYON","picto":null,"level":3,"sellerId":null,"slug":"poupees","selected":false,"children":[{"name":"Poup\u00e9es et poupons","code":"R22F01SF06SS01","id":"26562","type":"RAYON","picto":null,"level":4,"sellerId":null,"slug":"poupees-poupons","selected":false,"children":null,"layers":"\/navigation\/26562\/layers","link":"\/r\/jouets-sports-loisirs\/jeux-jouets\/poupees\/poupees-poupons"},{"name":"Poup\u00e9es mannequins ","code":"R22F01SF06SS02","id":"26561","type":"RAYON","picto":null,"level":4,"sellerId":null,"slug":"poupees-mannequins","selected":false,"children":null,"layers":"\/navigation\/26561\/layers","link":"\/r\/jouets-sports-loisirs\/jeux-jouets\/poupees\/poupees-mannequins"},{"name":"Accessoires de poup\u00e9e et pu\u00e9riculture","code":"R22F01SF06SS03","id":"26563","type":"RAYON","picto":null,"level":4,"sellerId":null,"slug":"accessoires-poupee-puericulture","selected":false,"children":null,"layers":"\/navigation\/26563\/layers","link":"\/r\/jouets-sports-loisirs\/jeux-jouets\/poupees\/accessoires-poupee-puericulture"}],"layers":"\/navigation\/26294\/layers","link":"\/r\/jouets-sports-loisirs\/jeux-jouets\/poupees"},{"name":"Figurines","code":"R22F01SF07","id":"26295","type":"RAYON","picto":null,"level":3,"sellerId":null,"slug":"figurines","selected":false,"children":[{"name":"POP!","code":"R22F01SF07SS01","id":"26564","type":"RAYON","picto":null,"level":4,"sellerId":null,"slug":"pop","selected":false,"children":null,"layers":"\/navigation\/26564\/layers","link":"\/r\/jouets-sports-loisirs\/jeux-jouets\/figurines\/pop"},{"name":"Mini-univers","code":"R22F01SF07SS02","id":"26565","type":"RAYON","picto":null,"level":4,"sellerId":null,"slug":"mini-univers","selected":false,"children":null,"layers":"\/navigation\/26565\/layers","link":"\/r\/jouets-sports-loisirs\/jeux-jouets\/figurines\/mini-univers"},{"name":"Animaux","code":"R22F01SF07SS03","id":"26566","type":"RAYON","picto":null,"level":4,"sellerId":null,"slug":"animaux","selected":false,"children":null,"layers":"\/navigation\/26566\/layers","link":"\/r\/jouets-sports-loisirs\/jeux-jouets\/figurines\/animaux"},{"name":"Super-h\u00e9ros","code":"R22F01SF07SS04","id":"26567","type":"RAYON","picto":null,"level":4,"sellerId":null,"slug":"super-heros","selected":false,"children":null,"layers":"\/navigation\/26567\/layers","link":"\/r\/jouets-sports-loisirs\/jeux-jouets\/figurines\/super-heros"}],"layers":"\/navigation\/26295\/layers","link":"\/r\/jouets-sports-loisirs\/jeux-jouets\/figurines"},{"name":"Activit\u00e9s cr\u00e9atives et manuelles","code":"R22F01SF08","id":"26292","type":"RAYON","picto":null,"level":3,"sellerId":null,"slug":"activites-creatives-manuelles","selected":false,"children":[{"name":"P\u00e2te \u00e0 modeler","code":"R22F01SF08SS01","id":"26548","type":"RAYON","picto":null,"level":4,"sellerId":null,"slug":"pate-a-modeler","selected":false,"children":null,"layers":"\/navigation\/26548\/layers","link":"\/r\/jouets-sports-loisirs\/jeux-jouets\/activites-creatives-manuelles\/pate-a-modeler"},{"name":"Slime","code":"R22F01SF08SS02","id":"26549","type":"RAYON","picto":null,"level":4,"sellerId":null,"slug":"slime","selected":false,"children":null,"layers":"\/navigation\/26549\/layers","link":"\/r\/jouets-sports-loisirs\/jeux-jouets\/activites-creatives-manuelles\/slime"},{"name":"Dessin et Peinture","code":"R22F01SF08SS03","id":"26550","type":"RAYON","picto":null,"level":4,"sellerId":null,"slug":"dessin-peinture","selected":false,"children":null,"layers":"\/navigation\/26550\/layers","link":"\/r\/jouets-sports-loisirs\/jeux-jouets\/activites-creatives-manuelles\/dessin-peinture"},{"name":"Loisirs cr\u00e9atifs","code":"R22F01SF08SS04","id":"26552","type":"RAYON","picto":null,"level":4,"sellerId":null,"slug":"loisirs-creatifs","selected":false,"children":null,"layers":"\/navigation\/26552\/layers","link":"\/r\/jouets-sports-loisirs\/jeux-jouets\/activites-creatives-manuelles\/loisirs-creatifs"},{"name":"Perles et Mosa\u00efques","code":"R22F01SF08SS05","id":"26884","type":"RAYON","picto":null,"level":4,"sellerId":null,"slug":"perles-mosaiques","selected":false,"children":null,"layers":"\/navigation\/26884\/layers","link":"\/r\/jouets-sports-loisirs\/jeux-jouets\/activites-creatives-manuelles\/perles-mosaiques"},{"name":"Ardoises magiques","code":"R22F01SF08SS06","id":"26551","type":"RAYON","picto":null,"level":4,"sellerId":null,"slug":"ardoises-magiques","selected":false,"children":null,"layers":"\/navigation\/26551\/layers","link":"\/r\/jouets-sports-loisirs\/jeux-jouets\/activites-creatives-manuelles\/ardoises-magiques"}],"layers":"\/navigation\/26292\/layers","link":"\/r\/jouets-sports-loisirs\/jeux-jouets\/activites-creatives-manuelles"},{"name":"Jeux de soci\u00e9t\u00e9 et Puzzles","code":"R22F01SF09","id":"26293","type":"RAYON","picto":null,"level":3,"sellerId":null,"slug":"jeux-societe-puzzle","selected":false,"children":[{"name":"Jeux en famille","code":"R22F01SF09SS01","id":"26553","type":"RAYON","picto":null,"level":4,"sellerId":null,"slug":"jeux-en-famille","selected":false,"children":null,"layers":"\/navigation\/26553\/layers","link":"\/r\/jouets-sports-loisirs\/jeux-jouets\/jeux-societe-puzzle\/jeux-en-famille"},{"name":"Jeux classiques","code":"R22F01SF09SS02","id":"26557","type":"RAYON","picto":null,"level":4,"sellerId":null,"slug":"jeux-classiques","selected":false,"children":null,"layers":"\/navigation\/26557\/layers","link":"\/r\/jouets-sports-loisirs\/jeux-jouets\/jeux-societe-puzzle\/jeux-classiques"},{"name":"Jeux d'ambiance","code":"R22F01SF09SS03","id":"26554","type":"RAYON","picto":null,"level":4,"sellerId":null,"slug":"jeux-ambiance","selected":false,"children":null,"layers":"\/navigation\/26554\/layers","link":"\/r\/jouets-sports-loisirs\/jeux-jouets\/jeux-societe-puzzle\/jeux-ambiance"},{"name":"Jeux d'action","code":"R22F01SF09SS04","id":"26556","type":"RAYON","picto":null,"level":4,"sellerId":null,"slug":"jeux-action","selected":false,"children":null,"layers":"\/navigation\/26556\/layers","link":"\/r\/jouets-sports-loisirs\/jeux-jouets\/jeux-societe-puzzle\/jeux-action"},{"name":"Jeux enfants","code":"R22F01SF09SS05","id":"26558","type":"RAYON","picto":null,"level":4,"sellerId":null,"slug":"jeux-enfants","selected":false,"children":null,"layers":"\/navigation\/26558\/layers","link":"\/r\/jouets-sports-loisirs\/jeux-jouets\/jeux-societe-puzzle\/jeux-enfants"},{"name":"Jeux \u00e9lectroniques","code":"R22F01SF09SS06","id":"26559","type":"RAYON","picto":null,"level":4,"sellerId":null,"slug":"jeux-electroniques","selected":false,"children":null,"layers":"\/navigation\/26559\/layers","link":"\/r\/jouets-sports-loisirs\/jeux-jouets\/jeux-societe-puzzle\/jeux-electroniques"},{"name":"Malette jeux et magie","code":"R22F01SF09SS07","id":"26555","type":"RAYON","picto":null,"level":4,"sellerId":null,"slug":"malette-jeux-magie","selected":false,"children":null,"layers":"\/navigation\/26555\/layers","link":"\/r\/jouets-sports-loisirs\/jeux-jouets\/jeux-societe-puzzle\/malette-jeux-magie"},{"name":"Puzzles","code":"R22F01SF09SS08","id":"26560","type":"RAYON","picto":null,"level":4,"sellerId":null,"slug":"puzzles","selected":false,"children":null,"layers":"\/navigation\/26560\/layers","link":"\/r\/jouets-sports-loisirs\/jeux-jouets\/jeux-societe-puzzle\/puzzles"}],"layers":"\/navigation\/26293\/layers","link":"\/r\/jouets-sports-loisirs\/jeux-jouets\/jeux-societe-puzzle"},{"name":"Jeux de caf\u00e9, Ext\u00e9rieur et Sports","code":"R22F01SF10","id":"26296","type":"RAYON","picto":null,"level":3,"sellerId":null,"slug":"jeux-cafe-exterieur-sports","selected":false,"children":[{"name":"Jeux de tirs, d'adresse et Accessoires","code":"R22F01SF10SS01","id":"26568","type":"RAYON","picto":null,"level":4,"sellerId":null,"slug":"jeux-de-tirs-adresse-accessoires","selected":false,"children":null,"layers":"\/navigation\/26568\/layers","link":"\/r\/jouets-sports-loisirs\/jeux-jouets\/jeux-cafe-exterieur-sports\/jeux-de-tirs-adresse-accessoires"},{"name":"Flippers, Baby-foot et Billiards","code":"R22F01SF10SS02","id":"26569","type":"RAYON","picto":null,"level":4,"sellerId":null,"slug":"flippers-baby-foot-billiards","selected":false,"children":null,"layers":"\/navigation\/26569\/layers","link":"\/r\/jouets-sports-loisirs\/jeux-jouets\/jeux-cafe-exterieur-sports\/flippers-baby-foot-billiards"},{"name":"Talkie walkie","code":"R22F01SF10SS03","id":"26570","type":"RAYON","picto":null,"level":4,"sellerId":null,"slug":"talkie-walkie","selected":false,"children":null,"layers":"\/navigation\/26570\/layers","link":"\/r\/jouets-sports-loisirs\/jeux-jouets\/jeux-cafe-exterieur-sports\/talkie-walkie"}],"layers":"\/navigation\/26296\/layers","link":"\/r\/jouets-sports-loisirs\/jeux-jouets\/jeux-cafe-exterieur-sports"}],"layers":"\/navigation\/26068\/layers","link":"\/r\/jouets-sports-loisirs\/jeux-jouets"},{"name":"Sports","code":"R22F02","id":"26069","type":"RAYON","picto":null,"level":2,"sellerId":null,"slug":"sports","selected":false,"children":[{"name":"V\u00e9los","code":"R22F02SF01","id":"26298","type":"RAYON","picto":null,"level":3,"sellerId":null,"slug":"velos","selected":false,"children":[{"name":"V\u00e9los \u00e9lectriques","code":"R22F02SF01SS02","id":"26582","type":"RAYON","picto":null,"level":4,"sellerId":null,"slug":"velos-electriques","selected":false,"children":null,"layers":"\/navigation\/26582\/layers","link":"\/r\/jouets-sports-loisirs\/sports\/velos\/velos-electriques"},{"name":"V\u00e9los enfant","code":"R22F02SF01SS03","id":"26583","type":"RAYON","picto":null,"level":4,"sellerId":null,"slug":"velos-enfant","selected":false,"children":null,"layers":"\/navigation\/26583\/layers","link":"\/r\/jouets-sports-loisirs\/sports\/velos\/velos-enfant"},{"name":"Accessoires de v\u00e9lo","code":"R22F02SF01SS05","id":"26585","type":"RAYON","picto":null,"level":4,"sellerId":null,"slug":"accessoires-velo","selected":false,"children":null,"layers":"\/navigation\/26585\/layers","link":"\/r\/jouets-sports-loisirs\/sports\/velos\/accessoires-velo"}],"layers":"\/navigation\/26298\/layers","link":"\/r\/jouets-sports-loisirs\/sports\/velos"},{"name":"Trottinettes et Glisse urbaine","code":"R22F02SF02","id":"26299","type":"RAYON","picto":null,"level":3,"sellerId":null,"slug":"trottinettes-glisse-urbaine","selected":false,"children":[{"name":"Trottinettes \u00e9lectriques","code":"R22F02SF02SS01","id":"26586","type":"RAYON","picto":null,"level":4,"sellerId":null,"slug":"trottinettes-electriques","selected":false,"children":null,"layers":"\/navigation\/26586\/layers","link":"\/r\/jouets-sports-loisirs\/sports\/trottinettes-glisse-urbaine\/trottinettes-electriques"},{"name":"Trottinettes","code":"R22F02SF02SS02","id":"26587","type":"RAYON","picto":null,"level":4,"sellerId":null,"slug":"trottinettes","selected":false,"children":null,"layers":"\/navigation\/26587\/layers","link":"\/r\/jouets-sports-loisirs\/sports\/trottinettes-glisse-urbaine\/trottinettes"}],"layers":"\/navigation\/26299\/layers","link":"\/r\/jouets-sports-loisirs\/sports\/trottinettes-glisse-urbaine"},{"name":"Randonn\u00e9e et Camping","code":"R22F02SF03","id":"26300","type":"RAYON","picto":null,"level":3,"sellerId":null,"slug":"randonnee-camping","selected":false,"children":[{"name":"Tables et Chaises pliantes","code":"R22F02SF03SS01","id":"26591","type":"RAYON","picto":null,"level":4,"sellerId":null,"slug":"tables-chaises-pliantes","selected":false,"children":null,"layers":"\/navigation\/26591\/layers","link":"\/r\/jouets-sports-loisirs\/sports\/randonnee-camping\/tables-chaises-pliantes"},{"name":"Accessoires de camping car","code":"R22F02SF03SS04","id":"26594","type":"RAYON","picto":null,"level":4,"sellerId":null,"slug":"accessoires-camping-car","selected":false,"children":null,"layers":"\/navigation\/26594\/layers","link":"\/r\/jouets-sports-loisirs\/sports\/randonnee-camping\/accessoires-camping-car"},{"name":"Glaci\u00e8res et Glaci\u00e8res \u00e9lectriques","code":"R22F02SF03SS05","id":"26864","type":"RAYON","picto":null,"level":4,"sellerId":null,"slug":"glacieres","selected":false,"children":null,"layers":"\/navigation\/26864\/layers","link":"\/r\/jouets-sports-loisirs\/sports\/randonnee-camping\/glacieres"}],"layers":"\/navigation\/26300\/layers","link":"\/r\/jouets-sports-loisirs\/sports\/randonnee-camping"},{"name":"Running","code":"R22F02SF04","id":"26301","type":"RAYON","picto":null,"level":3,"sellerId":null,"slug":"running","selected":false,"children":[{"name":"Montres connect\u00e9es","code":"R22F02SF04SS01","id":"26595","type":"RAYON","picto":null,"level":4,"sellerId":null,"slug":"montres-connectes","selected":false,"children":null,"layers":"\/navigation\/26595\/layers","link":"\/r\/jouets-sports-loisirs\/sports\/running\/montres-connectes"}],"layers":"\/navigation\/26301\/layers","link":"\/r\/jouets-sports-loisirs\/sports\/running"},{"name":"Fitness et Musculation","code":"R22F02SF05","id":"26302","type":"RAYON","picto":null,"level":3,"sellerId":null,"slug":"fitness-musculation","selected":false,"children":[{"name":"Accessoires de fitness","code":"R22F02SF05SS07","id":"26605","type":"RAYON","picto":null,"level":4,"sellerId":null,"slug":"accessoires-fitness","selected":false,"children":null,"layers":"\/navigation\/26605\/layers","link":"\/r\/jouets-sports-loisirs\/sports\/fitness-musculation\/accessoires-fitness"}],"layers":"\/navigation\/26302\/layers","link":"\/r\/jouets-sports-loisirs\/sports\/fitness-musculation"},{"name":"Football","code":"R22F02SF06","id":"26303","type":"RAYON","picto":null,"level":3,"sellerId":null,"slug":"football","selected":false,"children":[{"name":"Ballons et Plots","code":"R22F02SF06SS03","id":"26608","type":"RAYON","picto":null,"level":4,"sellerId":null,"slug":"ballons-plots","selected":false,"children":null,"layers":"\/navigation\/26608\/layers","link":"\/r\/jouets-sports-loisirs\/sports\/football\/ballons-plots"}],"layers":"\/navigation\/26303\/layers","link":"\/r\/jouets-sports-loisirs\/sports\/football"},{"name":"Sports collectifs","code":"R22F02SF07","id":"26304","type":"RAYON","picto":null,"level":3,"sellerId":null,"slug":"sports-collectifs","selected":false,"children":[{"name":"Rugby","code":"R22F02SF07SS02","id":"26612","type":"RAYON","picto":null,"level":4,"sellerId":null,"slug":"rugby","selected":false,"children":null,"layers":"\/navigation\/26612\/layers","link":"\/r\/jouets-sports-loisirs\/sports\/sports-collectifs\/rugby"}],"layers":"\/navigation\/26304\/layers","link":"\/r\/jouets-sports-loisirs\/sports\/sports-collectifs"}],"layers":"\/navigation\/26069\/layers","link":"\/r\/jouets-sports-loisirs\/sports"},{"name":"Jeux d'ext\u00e9rieur","code":"R22F03","id":"26070","type":"RAYON","picto":null,"level":2,"sellerId":null,"slug":"jeux-exterieur","selected":false,"children":[{"name":"Aires de jeux et Portiques","code":"R22F03SF02","id":"26308","type":"RAYON","picto":null,"level":3,"sellerId":null,"slug":"aires-jeux-portiques","selected":false,"children":null,"layers":"\/navigation\/26308\/layers","link":"\/r\/jouets-sports-loisirs\/jeux-exterieur\/aires-jeux-portiques"},{"name":"Jeux de piscine","code":"R22F03SF03","id":"26309","type":"RAYON","picto":null,"level":3,"sellerId":null,"slug":"jeux-piscine","selected":false,"children":null,"layers":"\/navigation\/26309\/layers","link":"\/r\/jouets-sports-loisirs\/jeux-exterieur\/jeux-piscine"},{"name":"V\u00e9hicules \u00e9lectriques","code":"R22F03SF05","id":"26311","type":"RAYON","picto":null,"level":3,"sellerId":null,"slug":"vehicules-electriques","selected":false,"children":null,"layers":"\/navigation\/26311\/layers","link":"\/r\/jouets-sports-loisirs\/jeux-exterieur\/vehicules-electriques"},{"name":"Bacs \u00e0 sable","code":"R22F03SF07","id":"26313","type":"RAYON","picto":null,"level":3,"sellerId":null,"slug":"bacs-a-sable","selected":false,"children":null,"layers":"\/navigation\/26313\/layers","link":"\/r\/jouets-sports-loisirs\/jeux-exterieur\/bacs-a-sable"}],"layers":"\/navigation\/26070\/layers","link":"\/r\/jouets-sports-loisirs\/jeux-exterieur"}],"layers":"\/navigation\/26590\/layers","link":"\/r\/jouets-sports-loisirs"},{"name":"Jardin, Bricolage et Auto","code":"R23","id":"26023","type":"RAYON","picto":"https:\/\/media.carrefour.fr\/medias\/1d7ac65e06c63dca911cf04635efa414\/p_96x96\/26023.jpg","level":1,"sellerId":null,"slug":"jardin-bricolage-auto","selected":false,"children":[{"name":"Bricolage","code":"R23F01","id":"26138","type":"RAYON","picto":null,"level":2,"sellerId":null,"slug":"bricolage","selected":false,"children":[{"name":"Nettoyants, Peintures et Colles","code":"R23F01SF01","id":"26356","type":"RAYON","picto":null,"level":3,"sellerId":null,"slug":"peintures-colles-revetements","selected":false,"children":[{"name":"Peintures","code":"R23F01SF01SS01","id":"26668","type":"RAYON","picto":null,"level":4,"sellerId":null,"slug":"peintures","selected":false,"children":null,"layers":"\/navigation\/26668\/layers","link":"\/r\/jardin-bricolage-auto\/bricolage\/peintures-colles-revetements\/peintures"},{"name":"Accessoires de peinture","code":"R23F01SF01SS02","id":"26669","type":"RAYON","picto":null,"level":4,"sellerId":null,"slug":"accessoires-de-peinture","selected":false,"children":null,"layers":"\/navigation\/26669\/layers","link":"\/r\/jardin-bricolage-auto\/bricolage\/peintures-colles-revetements\/accessoires-de-peinture"},{"name":"Nettoyants et Combustibles","code":"R23F01SF01SS03","id":"26670","type":"RAYON","picto":null,"level":4,"sellerId":null,"slug":"nettoyage-decapage","selected":false,"children":null,"layers":"\/navigation\/26670\/layers","link":"\/r\/jardin-bricolage-auto\/bricolage\/peintures-colles-revetements\/nettoyage-decapage"},{"name":"Enduits et Mastics","code":"R23F01SF01SS04","id":"26671","type":"RAYON","picto":null,"level":4,"sellerId":null,"slug":"enduits-mastics","selected":false,"children":null,"layers":"\/navigation\/26671\/layers","link":"\/r\/jardin-bricolage-auto\/bricolage\/peintures-colles-revetements\/enduits-mastics"},{"name":"Colles et Adh\u00e9sifs","code":"R23F01SF01SS06","id":"26673","type":"RAYON","picto":null,"level":4,"sellerId":null,"slug":"colles-adhesifs","selected":false,"children":null,"layers":"\/navigation\/26673\/layers","link":"\/r\/jardin-bricolage-auto\/bricolage\/peintures-colles-revetements\/colles-adhesifs"},{"name":"Isolation","code":"R23F01SF01SS08","id":"28814","type":"RAYON","picto":null,"level":4,"sellerId":null,"slug":"isolation","selected":false,"children":null,"layers":"\/navigation\/28814\/layers","link":"\/r\/jardin-bricolage-auto\/bricolage\/peintures-colles-revetements\/isolation"},{"name":"Absorbeurs d'humidit\u00e9","code":"R23F01SF01SS09","id":"28815","type":"RAYON","picto":null,"level":4,"sellerId":null,"slug":"absorbeur-humidite","selected":false,"children":null,"layers":"\/navigation\/28815\/layers","link":"\/r\/jardin-bricolage-auto\/bricolage\/peintures-colles-revetements\/absorbeur-humidite"}],"layers":"\/navigation\/26356\/layers","link":"\/r\/jardin-bricolage-auto\/bricolage\/peintures-colles-revetements"},{"name":"Electricit\u00e9","code":"R23F01SF02","id":"26349","type":"RAYON","picto":null,"level":3,"sellerId":null,"slug":"electricite","selected":false,"children":[{"name":"Ampoules et Eclairage","code":"R23F01SF02SS01","id":"26637","type":"RAYON","picto":null,"level":4,"sellerId":null,"slug":"ampoules-eclairage","selected":false,"children":null,"layers":"\/navigation\/26637\/layers","link":"\/r\/jardin-bricolage-auto\/bricolage\/electricite\/ampoules-eclairage"},{"name":"Prises, Rallonges et Interrupteurs","code":"R23F01SF02SS02","id":"26638","type":"RAYON","picto":null,"level":4,"sellerId":null,"slug":"prises-rallonges-interrupteurs","selected":false,"children":null,"layers":"\/navigation\/26638\/layers","link":"\/r\/jardin-bricolage-auto\/bricolage\/electricite\/prises-rallonges-interrupteurs"},{"name":"Piles, Piles rechargeables et Chargeurs","code":"R23F01SF02SS03","id":"26885","type":"RAYON","picto":null,"level":4,"sellerId":null,"slug":"piles","selected":false,"children":null,"layers":"\/navigation\/26885\/layers","link":"\/r\/jardin-bricolage-auto\/bricolage\/electricite\/piles"},{"name":"Accessoires \u00e9lectriques","code":"R23F01SF02SS06","id":"26641","type":"RAYON","picto":null,"level":4,"sellerId":null,"slug":"accessoires-electriques","selected":false,"children":null,"layers":"\/navigation\/26641\/layers","link":"\/r\/jardin-bricolage-auto\/bricolage\/electricite\/accessoires-electriques"}],"layers":"\/navigation\/26349\/layers","link":"\/r\/jardin-bricolage-auto\/bricolage\/electricite"},{"name":"Outillage \u00e9lectrique","code":"R23F01SF03","id":"26350","type":"RAYON","picto":null,"level":3,"sellerId":null,"slug":"outillage-electrique","selected":false,"children":[{"name":"Perceuses et Visseuses","code":"R23F01SF03SS01","id":"26642","type":"RAYON","picto":null,"level":4,"sellerId":null,"slug":"perceuses-visseuses","selected":false,"children":null,"layers":"\/navigation\/26642\/layers","link":"\/r\/jardin-bricolage-auto\/bricolage\/outillage-electrique\/perceuses-visseuses"},{"name":"Perforeuses et Ponceuses","code":"R23F01SF03SS02","id":"26643","type":"RAYON","picto":null,"level":4,"sellerId":null,"slug":"perforeuses-ponceuses","selected":false,"children":null,"layers":"\/navigation\/26643\/layers","link":"\/r\/jardin-bricolage-auto\/bricolage\/outillage-electrique\/perforeuses-ponceuses"}],"layers":"\/navigation\/26350\/layers","link":"\/r\/jardin-bricolage-auto\/bricolage\/outillage-electrique"},{"name":"Outillage \u00e0 main","code":"R23F01SF04","id":"26351","type":"RAYON","picto":null,"level":3,"sellerId":null,"slug":"outillage-a-main","selected":false,"children":[{"name":"Scies et Outils de coupe","code":"R23F01SF04SS02","id":"26646","type":"RAYON","picto":null,"level":4,"sellerId":null,"slug":"scies-outils-de-coupe","selected":false,"children":null,"layers":"\/navigation\/26646\/layers","link":"\/r\/jardin-bricolage-auto\/bricolage\/outillage-a-main\/scies-outils-de-coupe"}],"layers":"\/navigation\/26351\/layers","link":"\/r\/jardin-bricolage-auto\/bricolage\/outillage-a-main"},{"name":"Equipements d'atelier","code":"R23F01SF05","id":"26352","type":"RAYON","picto":null,"level":3,"sellerId":null,"slug":"equipement-atelier","selected":false,"children":[{"name":"M\u00e8tres et Outils de tra\u00e7age","code":"R23F01SF05SS02","id":"26649","type":"RAYON","picto":null,"level":4,"sellerId":null,"slug":"metres-et-outils-de-tracage","selected":false,"children":null,"layers":"\/navigation\/26649\/layers","link":"\/r\/jardin-bricolage-auto\/bricolage\/equipement-atelier\/metres-et-outils-de-tracage"},{"name":"Protections et Equipements","code":"R23F01SF05SS03","id":"26933","type":"RAYON","picto":null,"level":4,"sellerId":null,"slug":"equipement-et-protection-individuelle","selected":false,"children":null,"layers":"\/navigation\/26933\/layers","link":"\/r\/jardin-bricolage-auto\/bricolage\/equipement-atelier\/equipement-et-protection-individuelle"}],"layers":"\/navigation\/26352\/layers","link":"\/r\/jardin-bricolage-auto\/bricolage\/equipement-atelier"},{"name":"Quincaillerie","code":"R23F01SF07","id":"26354","type":"RAYON","picto":null,"level":3,"sellerId":null,"slug":"quincaillerie","selected":false,"children":[{"name":"Clous, Vis et Accessoires","code":"R23F01SF07SS01","id":"26650","type":"RAYON","picto":null,"level":4,"sellerId":null,"slug":"clous-vis-accessoires","selected":false,"children":null,"layers":"\/navigation\/26650\/layers","link":"\/r\/jardin-bricolage-auto\/bricolage\/quincaillerie\/clous-vis-accessoires"},{"name":"S\u00e9curit\u00e9 et Coffres forts","code":"R23F01SF07SS05","id":"26654","type":"RAYON","picto":null,"level":4,"sellerId":null,"slug":"securite-coffres-forts","selected":false,"children":null,"layers":"\/navigation\/26654\/layers","link":"\/r\/jardin-bricolage-auto\/bricolage\/quincaillerie\/securite-coffres-forts"},{"name":"Accessoires de quincaillerie","code":"R23F01SF07SS06","id":"26655","type":"RAYON","picto":null,"level":4,"sellerId":null,"slug":"accessoires-quincaillerie","selected":false,"children":null,"layers":"\/navigation\/26655\/layers","link":"\/r\/jardin-bricolage-auto\/bricolage\/quincaillerie\/accessoires-quincaillerie"},{"name":"Tuyau de gaz","code":"R23F01SF07SS07","id":"26934","type":"RAYON","picto":null,"level":4,"sellerId":null,"slug":"tuyau-de-gaz","selected":false,"children":null,"layers":"\/navigation\/26934\/layers","link":"\/r\/jardin-bricolage-auto\/bricolage\/quincaillerie\/tuyau-de-gaz"}],"layers":"\/navigation\/26354\/layers","link":"\/r\/jardin-bricolage-auto\/bricolage\/quincaillerie"},{"name":"Plomberie","code":"R23F01SF08","id":"26355","type":"RAYON","picto":null,"level":3,"sellerId":null,"slug":"plomberie","selected":false,"children":[{"name":"Colonnes de douche","code":"R23F01SF08SS02","id":"26657","type":"RAYON","picto":null,"level":4,"sellerId":null,"slug":"colonnes-de-douche","selected":false,"children":null,"layers":"\/navigation\/26657\/layers","link":"\/r\/jardin-bricolage-auto\/bricolage\/plomberie\/colonnes-de-douche"},{"name":"Eviers","code":"R23F01SF08SS06","id":"26661","type":"RAYON","picto":null,"level":4,"sellerId":null,"slug":"eviers","selected":false,"children":null,"layers":"\/navigation\/26661\/layers","link":"\/r\/jardin-bricolage-auto\/bricolage\/plomberie\/eviers"},{"name":"Robinetterie","code":"R23F01SF08SS07","id":"26662","type":"RAYON","picto":null,"level":4,"sellerId":null,"slug":"robinetterie","selected":false,"children":null,"layers":"\/navigation\/26662\/layers","link":"\/r\/jardin-bricolage-auto\/bricolage\/plomberie\/robinetterie"},{"name":"WC","code":"R23F01SF08SS08","id":"26663","type":"RAYON","picto":null,"level":4,"sellerId":null,"slug":"wc","selected":false,"children":null,"layers":"\/navigation\/26663\/layers","link":"\/r\/jardin-bricolage-auto\/bricolage\/plomberie\/wc"},{"name":"Accessoires de plomberie","code":"R23F01SF08SS11","id":"26666","type":"RAYON","picto":null,"level":4,"sellerId":null,"slug":"accessoires-de-plomberie","selected":false,"children":null,"layers":"\/navigation\/26666\/layers","link":"\/r\/jardin-bricolage-auto\/bricolage\/plomberie\/accessoires-de-plomberie"}],"layers":"\/navigation\/26355\/layers","link":"\/r\/jardin-bricolage-auto\/bricolage\/plomberie"}],"layers":"\/navigation\/26138\/layers","link":"\/r\/jardin-bricolage-auto\/bricolage"},{"name":"Mobilier et D\u00e9corations de jardin","code":"R23F02","id":"26072","type":"RAYON","picto":null,"level":2,"sellerId":null,"slug":"mobilier-decoration-jardin","selected":false,"children":[{"name":"Tables et Chaises","code":"R23F02SF02","id":"26318","type":"RAYON","picto":null,"level":3,"sellerId":null,"slug":"tables-chaises","selected":false,"children":null,"layers":"\/navigation\/26318\/layers","link":"\/r\/jardin-bricolage-auto\/mobilier-decoration-jardin\/tables-chaises"},{"name":"Eclairage d'ext\u00e9rieur","code":"R23F02SF06","id":"26322","type":"RAYON","picto":null,"level":3,"sellerId":null,"slug":"eclairage-exterieur","selected":false,"children":null,"layers":"\/navigation\/26322\/layers","link":"\/r\/jardin-bricolage-auto\/mobilier-decoration-jardin\/eclairage-exterieur"},{"name":"Chauffages d'ext\u00e9rieur","code":"R23F02SF07","id":"26323","type":"RAYON","picto":null,"level":3,"sellerId":null,"slug":"chauffages-exterieur","selected":false,"children":null,"layers":"\/navigation\/26323\/layers","link":"\/r\/jardin-bricolage-auto\/mobilier-decoration-jardin\/chauffages-exterieur"},{"name":"D\u00e9corations d'ext\u00e9rieur","code":"R23F02SF08","id":"26324","type":"RAYON","picto":null,"level":3,"sellerId":null,"slug":"decorations-exterieur","selected":false,"children":null,"layers":"\/navigation\/26324\/layers","link":"\/r\/jardin-bricolage-auto\/mobilier-decoration-jardin\/decorations-exterieur"}],"layers":"\/navigation\/26072\/layers","link":"\/r\/jardin-bricolage-auto\/mobilier-decoration-jardin"},{"name":"Barbecues et Planchas","code":"R23F03","id":"26074","type":"RAYON","picto":null,"level":2,"sellerId":null,"slug":"barbecues-planchas","selected":false,"children":[{"name":"Barbecues","code":"R23F03SF01","id":"26325","type":"RAYON","picto":null,"level":3,"sellerId":null,"slug":"barbecues","selected":false,"children":null,"layers":"\/navigation\/26325\/layers","link":"\/r\/jardin-bricolage-auto\/barbecues-planchas\/barbecues"},{"name":"Planchas","code":"R23F03SF02","id":"26326","type":"RAYON","picto":null,"level":3,"sellerId":null,"slug":"planchas","selected":false,"children":null,"layers":"\/navigation\/26326\/layers","link":"\/r\/jardin-bricolage-auto\/barbecues-planchas\/planchas"},{"name":"Accessoires de barbecue et plancha","code":"R23F03SF04","id":"26328","type":"RAYON","picto":null,"level":3,"sellerId":null,"slug":"accessoires-barbecue-plancha","selected":false,"children":null,"layers":"\/navigation\/26328\/layers","link":"\/r\/jardin-bricolage-auto\/barbecues-planchas\/accessoires-barbecue-plancha"},{"name":"Gaz, Charbons et Allume feu","code":"R23F03SF05","id":"26329","type":"RAYON","picto":null,"level":3,"sellerId":null,"slug":"gaz-charbons-allume-feu","selected":false,"children":null,"layers":"\/navigation\/26329\/layers","link":"\/r\/jardin-bricolage-auto\/barbecues-planchas\/gaz-charbons-allume-feu"}],"layers":"\/navigation\/26074\/layers","link":"\/r\/jardin-bricolage-auto\/barbecues-planchas"},{"name":"Piscines et Spa","code":"R23F04","id":"26076","type":"RAYON","picto":null,"level":2,"sellerId":null,"slug":"piscines-spa","selected":false,"children":[{"name":"Piscines","code":"R23F04SF01","id":"26330","type":"RAYON","picto":null,"level":3,"sellerId":null,"slug":"piscines","selected":false,"children":null,"layers":"\/navigation\/26330\/layers","link":"\/r\/jardin-bricolage-auto\/piscines-spa\/piscines"},{"name":"Entretien de piscine et Robots nettoyeurs","code":"R23F04SF04","id":"26333","type":"RAYON","picto":null,"level":3,"sellerId":null,"slug":"entretien-piscine-robots-nettoyeurs","selected":false,"children":null,"layers":"\/navigation\/26333\/layers","link":"\/r\/jardin-bricolage-auto\/piscines-spa\/entretien-piscine-robots-nettoyeurs"},{"name":"Chauffage de piscine","code":"R23F04SF05","id":"26334","type":"RAYON","picto":null,"level":3,"sellerId":null,"slug":"chauffage-piscine","selected":false,"children":null,"layers":"\/navigation\/26334\/layers","link":"\/r\/jardin-bricolage-auto\/piscines-spa\/chauffage-piscine"}],"layers":"\/navigation\/26076\/layers","link":"\/r\/jardin-bricolage-auto\/piscines-spa"},{"name":"Jardinage et Outillage","code":"R23F06","id":"26136","type":"RAYON","picto":null,"level":2,"sellerId":null,"slug":"jardinage-outillage","selected":false,"children":[{"name":"Tondeuses et Outils motoris\u00e9s","code":"R23F06SF01","id":"26341","type":"RAYON","picto":null,"level":3,"sellerId":null,"slug":"tondeuses-outils-motorises","selected":false,"children":[{"name":"Tondeuses, Tron\u00e7onneuses et D\u00e9mousseurs","code":"R23F06SF01SS01","id":"26620","type":"RAYON","picto":null,"level":4,"sellerId":null,"slug":"tondeuses-demousseurs","selected":false,"children":null,"layers":"\/navigation\/26620\/layers","link":"\/r\/jardin-bricolage-auto\/jardinage-outillage\/tondeuses-outils-motorises\/tondeuses-demousseurs"},{"name":"Aspirateurs souffleur","code":"R23F06SF01SS06","id":"26625","type":"RAYON","picto":null,"level":4,"sellerId":null,"slug":"aspirateurs-souffleur","selected":false,"children":null,"layers":"\/navigation\/26625\/layers","link":"\/r\/jardin-bricolage-auto\/jardinage-outillage\/tondeuses-outils-motorises\/aspirateurs-souffleur"}],"layers":"\/navigation\/26341\/layers","link":"\/r\/jardin-bricolage-auto\/jardinage-outillage\/tondeuses-outils-motorises"},{"name":"Nettoyeurs haute pression","code":"R23F06SF02","id":"26343","type":"RAYON","picto":null,"level":3,"sellerId":null,"slug":"nettoyeurs-haute-pression","selected":false,"children":null,"layers":"\/navigation\/26343\/layers","link":"\/r\/jardin-bricolage-auto\/jardinage-outillage\/nettoyeurs-haute-pression"},{"name":"Outils \u00e0 main","code":"R23F06SF03","id":"26342","type":"RAYON","picto":null,"level":3,"sellerId":null,"slug":"outils-a-main","selected":false,"children":[{"name":"Tailler","code":"R23F06SF03SS01","id":"26628","type":"RAYON","picto":null,"level":4,"sellerId":null,"slug":"tailler","selected":false,"children":null,"layers":"\/navigation\/26628\/layers","link":"\/r\/jardin-bricolage-auto\/jardinage-outillage\/outils-a-main\/tailler"},{"name":"Travailler le sol","code":"R23F06SF03SS04","id":"26631","type":"RAYON","picto":null,"level":4,"sellerId":null,"slug":"travailler-le-sol","selected":false,"children":null,"layers":"\/navigation\/26631\/layers","link":"\/r\/jardin-bricolage-auto\/jardinage-outillage\/outils-a-main\/travailler-le-sol"},{"name":"Travailler le gazon","code":"R23F06SF03SS05","id":"26632","type":"RAYON","picto":null,"level":4,"sellerId":null,"slug":"travailler-le-gazon","selected":false,"children":null,"layers":"\/navigation\/26632\/layers","link":"\/r\/jardin-bricolage-auto\/jardinage-outillage\/outils-a-main\/travailler-le-gazon"},{"name":"Balayer","code":"R23F06SF03SS06","id":"26633","type":"RAYON","picto":null,"level":4,"sellerId":null,"slug":"balayer","selected":false,"children":null,"layers":"\/navigation\/26633\/layers","link":"\/r\/jardin-bricolage-auto\/jardinage-outillage\/outils-a-main\/balayer"},{"name":"Couper le bois","code":"R23F06SF03SS07","id":"26634","type":"RAYON","picto":null,"level":4,"sellerId":null,"slug":"couper-le-bois","selected":false,"children":null,"layers":"\/navigation\/26634\/layers","link":"\/r\/jardin-bricolage-auto\/jardinage-outillage\/outils-a-main\/couper-le-bois"}],"layers":"\/navigation\/26342\/layers","link":"\/r\/jardin-bricolage-auto\/jardinage-outillage\/outils-a-main"},{"name":"Terreaux, Engrais et Traitements d\u00e9chets","code":"R23F06SF04","id":"26347","type":"RAYON","picto":null,"level":3,"sellerId":null,"slug":"terreaux-engrais-traitements-dechets","selected":false,"children":null,"layers":"\/navigation\/26347\/layers","link":"\/r\/jardin-bricolage-auto\/jardinage-outillage\/terreaux-engrais-traitements-dechets"},{"name":"Plantes et Fleurs","code":"R23F06SF05","id":"26344","type":"RAYON","picto":null,"level":3,"sellerId":null,"slug":"plantes-fleurs","selected":false,"children":null,"layers":"\/navigation\/26344\/layers","link":"\/r\/jardin-bricolage-auto\/jardinage-outillage\/plantes-fleurs"},{"name":"Arrosage","code":"R23F06SF07","id":"26346","type":"RAYON","picto":null,"level":3,"sellerId":null,"slug":"arrosage","selected":false,"children":null,"layers":"\/navigation\/26346\/layers","link":"\/r\/jardin-bricolage-auto\/jardinage-outillage\/arrosage"},{"name":"V\u00eatements du jardinier","code":"R23F06SF08","id":"26348","type":"RAYON","picto":null,"level":3,"sellerId":null,"slug":"vetements-jardinier","selected":false,"children":null,"layers":"\/navigation\/26348\/layers","link":"\/r\/jardin-bricolage-auto\/jardinage-outillage\/vetements-jardinier"},{"name":"Destructeurs d'insectes, Thermom\u00e8tres et Stations de m\u00e9t\u00e9o","code":"R23F06SF09","id":"26636","type":"RAYON","picto":null,"level":3,"sellerId":null,"slug":"thermometres-stations-meteo","selected":false,"children":null,"layers":"\/navigation\/26636\/layers","link":"\/r\/jardin-bricolage-auto\/jardinage-outillage\/thermometres-stations-meteo"}],"layers":"\/navigation\/26136\/layers","link":"\/r\/jardin-bricolage-auto\/jardinage-outillage"},{"name":"Auto et Moto","code":"R23F07","id":"26143","type":"RAYON","picto":null,"level":2,"sellerId":null,"slug":"auto-moto","selected":false,"children":[{"name":" Autoradio, GPS et Kits mains libres","code":"R23F07SF01","id":"26362","type":"RAYON","picto":null,"level":3,"sellerId":null,"slug":"autoradio-gps-kits-mains-libres","selected":false,"children":[{"name":"GPS","code":"R23F07SF01SS01","id":"26721","type":"RAYON","picto":null,"level":4,"sellerId":null,"slug":"gps","selected":false,"children":null,"layers":"\/navigation\/26721\/layers","link":"\/r\/jardin-bricolage-auto\/auto-moto\/autoradio-gps-kits-mains-libres\/gps"},{"name":"Autoradio","code":"R23F07SF01SS02","id":"26714","type":"RAYON","picto":null,"level":4,"sellerId":null,"slug":"autoradio","selected":false,"children":null,"layers":"\/navigation\/26714\/layers","link":"\/r\/jardin-bricolage-auto\/auto-moto\/autoradio-gps-kits-mains-libres\/autoradio"},{"name":"Kits mains libres, Chargeurs et Autres","code":"R23F07SF01SS03","id":"26716","type":"RAYON","picto":null,"level":4,"sellerId":null,"slug":"kits-mains-libres-chargeurs-autres","selected":false,"children":null,"layers":"\/navigation\/26716\/layers","link":"\/r\/jardin-bricolage-auto\/auto-moto\/autoradio-gps-kits-mains-libres\/kits-mains-libres-chargeurs-autres"},{"name":"Accessoires","code":"R23F07SF01SS07","id":"26725","type":"RAYON","picto":null,"level":4,"sellerId":null,"slug":"accessoires","selected":false,"children":null,"layers":"\/navigation\/26725\/layers","link":"\/r\/jardin-bricolage-auto\/auto-moto\/autoradio-gps-kits-mains-libres\/accessoires"}],"layers":"\/navigation\/26362\/layers","link":"\/r\/jardin-bricolage-auto\/auto-moto\/autoradio-gps-kits-mains-libres"},{"name":"D\u00e9marrage et Batteries","code":"R23F07SF02","id":"26358","type":"RAYON","picto":null,"level":3,"sellerId":null,"slug":"demarrage-batterie","selected":false,"children":[{"name":"Batteries","code":"R23F07SF02SS01","id":"26679","type":"RAYON","picto":null,"level":4,"sellerId":null,"slug":"batteries","selected":false,"children":null,"layers":"\/navigation\/26679\/layers","link":"\/r\/jardin-bricolage-auto\/auto-moto\/demarrage-batterie\/batteries"}],"layers":"\/navigation\/26358\/layers","link":"\/r\/jardin-bricolage-auto\/auto-moto\/demarrage-batterie"},{"name":"Huiles et Entretien","code":"R23F07SF03","id":"26359","type":"RAYON","picto":null,"level":3,"sellerId":null,"slug":"huiles-entretien","selected":false,"children":[{"name":"Huiles ","code":"R23F07SF03SS01","id":"26682","type":"RAYON","picto":null,"level":4,"sellerId":null,"slug":"huiles","selected":false,"children":null,"layers":"\/navigation\/26682\/layers","link":"\/r\/jardin-bricolage-auto\/auto-moto\/huiles-entretien\/huiles"},{"name":"Additifs et Adblue","code":"R23F07SF03SS02","id":"26683","type":"RAYON","picto":null,"level":4,"sellerId":null,"slug":"additifs-adblue","selected":false,"children":null,"layers":"\/navigation\/26683\/layers","link":"\/r\/jardin-bricolage-auto\/auto-moto\/huiles-entretien\/additifs-adblue"},{"name":"Nettoyants et Lave-glaces","code":"R23F07SF03SS03","id":"26684","type":"RAYON","picto":null,"level":4,"sellerId":null,"slug":"nettoyants-lave-glaces","selected":false,"children":null,"layers":"\/navigation\/26684\/layers","link":"\/r\/jardin-bricolage-auto\/auto-moto\/huiles-entretien\/nettoyants-lave-glaces"},{"name":"D\u00e9graissants et Filtres","code":"R23F07SF03SS04","id":"26685","type":"RAYON","picto":null,"level":4,"sellerId":null,"slug":"degraissants-filtres","selected":false,"children":null,"layers":"\/navigation\/26685\/layers","link":"\/r\/jardin-bricolage-auto\/auto-moto\/huiles-entretien\/degraissants-filtres"},{"name":"Accessoires de nettoyage","code":"R23F07SF03SS06","id":"26687","type":"RAYON","picto":null,"level":4,"sellerId":null,"slug":"accessoires-nettoyage","selected":false,"children":null,"layers":"\/navigation\/26687\/layers","link":"\/r\/jardin-bricolage-auto\/auto-moto\/huiles-entretien\/accessoires-nettoyage"},{"name":"Liquide de refroidissement","code":"R23F07SF03SS07","id":"26874","type":"RAYON","picto":null,"level":4,"sellerId":null,"slug":"liquide-de-refroidissement","selected":false,"children":null,"layers":"\/navigation\/26874\/layers","link":"\/r\/jardin-bricolage-auto\/auto-moto\/huiles-entretien\/liquide-de-refroidissement"}],"layers":"\/navigation\/26359\/layers","link":"\/r\/jardin-bricolage-auto\/auto-moto\/huiles-entretien"},{"name":"Transports et Voyage","code":"R23F07SF04","id":"26360","type":"RAYON","picto":null,"level":3,"sellerId":null,"slug":"transports-voyage","selected":false,"children":[{"name":"Chaines et Chaussettes de neige","code":"R23F07SF04SS01","id":"26688","type":"RAYON","picto":null,"level":4,"sellerId":null,"slug":"chaines-chaussettes-de-neige","selected":false,"children":null,"layers":"\/navigation\/26688\/layers","link":"\/r\/jardin-bricolage-auto\/auto-moto\/transports-voyage\/chaines-chaussettes-de-neige"}],"layers":"\/navigation\/26360\/layers","link":"\/r\/jardin-bricolage-auto\/auto-moto\/transports-voyage"},{"name":"Equipements et S\u00e9curit\u00e9","code":"R23F07SF05","id":"26361","type":"RAYON","picto":null,"level":3,"sellerId":null,"slug":"equipements-securite","selected":false,"children":[{"name":"Ampoules et Optiques","code":"R23F07SF05SS01","id":"26698","type":"RAYON","picto":null,"level":4,"sellerId":null,"slug":"ampoules-optiques","selected":false,"children":null,"layers":"\/navigation\/26698\/layers","link":"\/r\/jardin-bricolage-auto\/auto-moto\/equipements-securite\/ampoules-optiques"},{"name":"Pneus auto","code":"R23F07SF05SS06","id":"26711","type":"RAYON","picto":null,"level":4,"sellerId":null,"slug":"pneus-auto","selected":false,"children":null,"layers":"\/navigation\/26711\/layers","link":"\/r\/jardin-bricolage-auto\/auto-moto\/equipements-securite\/pneus-auto"},{"name":"Lampes torche","code":"R23F07SF05SS08","id":"26906","type":"RAYON","picto":null,"level":4,"sellerId":null,"slug":"lampe-torche","selected":false,"children":null,"layers":"\/navigation\/26906\/layers","link":"\/r\/jardin-bricolage-auto\/auto-moto\/equipements-securite\/lampe-torche"}],"layers":"\/navigation\/26361\/layers","link":"\/r\/jardin-bricolage-auto\/auto-moto\/equipements-securite"},{"name":"Accessoires de moto et Equipement pilote","code":"R23F07SF06","id":"26363","type":"RAYON","picto":null,"level":3,"sellerId":null,"slug":"accessoires-moto-equipement-pilote","selected":false,"children":[{"name":"Casques","code":"R23F07SF06SS02","id":"26729","type":"RAYON","picto":null,"level":4,"sellerId":null,"slug":"casques","selected":false,"children":null,"layers":"\/navigation\/26729\/layers","link":"\/r\/jardin-bricolage-auto\/auto-moto\/accessoires-moto-equipement-pilote\/casques"}],"layers":"\/navigation\/26363\/layers","link":"\/r\/jardin-bricolage-auto\/auto-moto\/accessoires-moto-equipement-pilote"}],"layers":"\/navigation\/26143\/layers","link":"\/r\/jardin-bricolage-auto\/auto-moto"},{"name":"D\u00e9m\u00e9nagement","code":"R23F08","id":"26141","type":"RAYON","picto":null,"level":2,"sellerId":null,"slug":"demenagement","selected":false,"children":null,"layers":"\/navigation\/26141\/layers","link":"\/r\/jardin-bricolage-auto\/demenagement"}],"layers":"\/navigation\/26023\/layers","link":"\/r\/jardin-bricolage-auto"},{"name":"Maison et D\u00e9coration","code":"R24","id":"26024","type":"RAYON","picto":"https:\/\/media.carrefour.fr\/medias\/5c9ce6733b1b3ddebf556c5a3f727c45\/p_96x96\/26024.jpg","level":1,"sellerId":null,"slug":"maison-decoration","selected":false,"children":[{"name":"Linge de maison","code":"R24F01","id":"26145","type":"RAYON","picto":null,"level":2,"sellerId":null,"slug":"linge-maison","selected":false,"children":[{"name":"Linge de lit","code":"R24F01SF01","id":"26364","type":"RAYON","picto":null,"level":3,"sellerId":null,"slug":"linge-lit","selected":false,"children":[{"name":"Parures de lit","code":"R24F01SF01SS01","id":"26867","type":"RAYON","picto":null,"level":4,"sellerId":null,"slug":"parures-de-lit","selected":false,"children":null,"layers":"\/navigation\/26867\/layers","link":"\/r\/maison-decoration\/linge-maison\/linge-lit\/parures-de-lit"},{"name":"Draps","code":"R24F01SF01SS02","id":"26694","type":"RAYON","picto":null,"level":4,"sellerId":null,"slug":"draps","selected":false,"children":null,"layers":"\/navigation\/26694\/layers","link":"\/r\/maison-decoration\/linge-maison\/linge-lit\/draps"},{"name":"Couettes","code":"R24F01SF01SS03","id":"26695","type":"RAYON","picto":null,"level":4,"sellerId":null,"slug":"couettes","selected":false,"children":null,"layers":"\/navigation\/26695\/layers","link":"\/r\/maison-decoration\/linge-maison\/linge-lit\/couettes"},{"name":"Couvertures, Plaides et Edredons","code":"R24F01SF01SS04","id":"26699","type":"RAYON","picto":null,"level":4,"sellerId":null,"slug":"couvertures-plaides-edredons","selected":false,"children":null,"layers":"\/navigation\/26699\/layers","link":"\/r\/maison-decoration\/linge-maison\/linge-lit\/couvertures-plaides-edredons"},{"name":"Oreillers","code":"R24F01SF01SS05","id":"26696","type":"RAYON","picto":null,"level":4,"sellerId":null,"slug":"oreillers","selected":false,"children":null,"layers":"\/navigation\/26696\/layers","link":"\/r\/maison-decoration\/linge-maison\/linge-lit\/oreillers"},{"name":"Al\u00e8zes","code":"R24F01SF01SS06","id":"26697","type":"RAYON","picto":null,"level":4,"sellerId":null,"slug":"alezes","selected":false,"children":null,"layers":"\/navigation\/26697\/layers","link":"\/r\/maison-decoration\/linge-maison\/linge-lit\/alezes"}],"layers":"\/navigation\/26364\/layers","link":"\/r\/maison-decoration\/linge-maison\/linge-lit"},{"name":"Linge de bain","code":"R24F01SF02","id":"26365","type":"RAYON","picto":null,"level":3,"sellerId":null,"slug":"linge-bain","selected":false,"children":[{"name":"Serviettes de bain","code":"R24F01SF02SS01","id":"26701","type":"RAYON","picto":null,"level":4,"sellerId":null,"slug":"serviettes-de-bain","selected":false,"children":null,"layers":"\/navigation\/26701\/layers","link":"\/r\/maison-decoration\/linge-maison\/linge-bain\/serviettes-de-bain"},{"name":"Gants de toilette","code":"R24F01SF02SS02","id":"26868","type":"RAYON","picto":null,"level":4,"sellerId":null,"slug":"gants-de-toilette","selected":false,"children":null,"layers":"\/navigation\/26868\/layers","link":"\/r\/maison-decoration\/linge-maison\/linge-bain\/gants-de-toilette"},{"name":"Tapis de bain","code":"R24F01SF02SS03","id":"26703","type":"RAYON","picto":null,"level":4,"sellerId":null,"slug":"tapis-de-bain","selected":false,"children":null,"layers":"\/navigation\/26703\/layers","link":"\/r\/maison-decoration\/linge-maison\/linge-bain\/tapis-de-bain"},{"name":"Peignoirs","code":"R24F01SF02SS04","id":"26704","type":"RAYON","picto":null,"level":4,"sellerId":null,"slug":"peignoirs","selected":false,"children":null,"layers":"\/navigation\/26704\/layers","link":"\/r\/maison-decoration\/linge-maison\/linge-bain\/peignoirs"},{"name":"Rideaux de douche","code":"R24F01SF02SS05","id":"26872","type":"RAYON","picto":null,"level":4,"sellerId":null,"slug":"rideaux-de-douche","selected":false,"children":null,"layers":"\/navigation\/26872\/layers","link":"\/r\/maison-decoration\/linge-maison\/linge-bain\/rideaux-de-douche"}],"layers":"\/navigation\/26365\/layers","link":"\/r\/maison-decoration\/linge-maison\/linge-bain"},{"name":"Linge de table","code":"R24F01SF03","id":"26367","type":"RAYON","picto":null,"level":3,"sellerId":null,"slug":"linge-table","selected":false,"children":[{"name":"Nappes","code":"R24F01SF03SS01","id":"26718","type":"RAYON","picto":null,"level":4,"sellerId":null,"slug":"nappes","selected":false,"children":null,"layers":"\/navigation\/26718\/layers","link":"\/r\/maison-decoration\/linge-maison\/linge-table\/nappes"},{"name":"Serviettes","code":"R24F01SF03SS02","id":"26720","type":"RAYON","picto":null,"level":4,"sellerId":null,"slug":"serviettes","selected":false,"children":null,"layers":"\/navigation\/26720\/layers","link":"\/r\/maison-decoration\/linge-maison\/linge-table\/serviettes"},{"name":"Torchons et tabliers","code":"R24F01SF03SS03","id":"26722","type":"RAYON","picto":null,"level":4,"sellerId":null,"slug":"torchons","selected":false,"children":null,"layers":"\/navigation\/26722\/layers","link":"\/r\/maison-decoration\/linge-maison\/linge-table\/torchons"}],"layers":"\/navigation\/26367\/layers","link":"\/r\/maison-decoration\/linge-maison\/linge-table"},{"name":"Soin du linge","code":"R24F01SF04","id":"26366","type":"RAYON","picto":null,"level":3,"sellerId":null,"slug":"soin-linge","selected":false,"children":[{"name":"Tables \u00e0 repasser","code":"R24F01SF04SS01","id":"26706","type":"RAYON","picto":null,"level":4,"sellerId":null,"slug":"tables-a-repasser","selected":false,"children":null,"layers":"\/navigation\/26706\/layers","link":"\/r\/maison-decoration\/linge-maison\/soin-linge\/tables-a-repasser"},{"name":"S\u00e9choirs int\u00e9rieur et ext\u00e9rieur","code":"R24F01SF04SS02","id":"26710","type":"RAYON","picto":null,"level":4,"sellerId":null,"slug":"sechoirs-interieur-exterieur","selected":false,"children":null,"layers":"\/navigation\/26710\/layers","link":"\/r\/maison-decoration\/linge-maison\/soin-linge\/sechoirs-interieur-exterieur"},{"name":"Mercerie et Couture","code":"R24F01SF04SS03","id":"26708","type":"RAYON","picto":null,"level":4,"sellerId":null,"slug":"mercerie-couture","selected":false,"children":null,"layers":"\/navigation\/26708\/layers","link":"\/r\/maison-decoration\/linge-maison\/soin-linge\/mercerie-couture"},{"name":"Entretien du linge","code":"R24F01SF04SS04","id":"26712","type":"RAYON","picto":null,"level":4,"sellerId":null,"slug":"entretien-du-linge","selected":false,"children":null,"layers":"\/navigation\/26712\/layers","link":"\/r\/maison-decoration\/linge-maison\/soin-linge\/entretien-du-linge"},{"name":"Accessoires de blanchisserie","code":"R24F01SF04SS05","id":"26715","type":"RAYON","picto":null,"level":4,"sellerId":null,"slug":"accessoires-de-blanchisserie","selected":false,"children":null,"layers":"\/navigation\/26715\/layers","link":"\/r\/maison-decoration\/linge-maison\/soin-linge\/accessoires-de-blanchisserie"}],"layers":"\/navigation\/26366\/layers","link":"\/r\/maison-decoration\/linge-maison\/soin-linge"}],"layers":"\/navigation\/26145\/layers","link":"\/r\/maison-decoration\/linge-maison"},{"name":"Vaisselle et Art de la table","code":"R24F02","id":"26147","type":"RAYON","picto":null,"level":2,"sellerId":null,"slug":"vaisselle-art-de-la-table","selected":false,"children":[{"name":"Couverts et Vaisselle","code":"R24F02SF01","id":"26373","type":"RAYON","picto":null,"level":3,"sellerId":null,"slug":"couverts-vaisselle","selected":false,"children":[{"name":"Services de table et Coffrets","code":"R24F02SF01SS01","id":"26822","type":"RAYON","picto":null,"level":4,"sellerId":null,"slug":"services-de-table-et-coffrets","selected":false,"children":null,"layers":"\/navigation\/26822\/layers","link":"\/r\/maison-decoration\/vaisselle-art-de-la-table\/couverts-vaisselle\/services-de-table-et-coffrets"},{"name":"Couverts et M\u00e9nag\u00e8res","code":"R24F02SF01SS02","id":"26823","type":"RAYON","picto":null,"level":4,"sellerId":null,"slug":"couverts-menageres","selected":false,"children":null,"layers":"\/navigation\/26823\/layers","link":"\/r\/maison-decoration\/vaisselle-art-de-la-table\/couverts-vaisselle\/couverts-menageres"},{"name":"Assiettes","code":"R24F02SF01SS03","id":"26824","type":"RAYON","picto":null,"level":4,"sellerId":null,"slug":"assiettes","selected":false,"children":null,"layers":"\/navigation\/26824\/layers","link":"\/r\/maison-decoration\/vaisselle-art-de-la-table\/couverts-vaisselle\/assiettes"},{"name":"Tasses, Bols et Mugs","code":"R24F02SF01SS04","id":"26827","type":"RAYON","picto":null,"level":4,"sellerId":null,"slug":"tasses-bols-mugs","selected":false,"children":null,"layers":"\/navigation\/26827\/layers","link":"\/r\/maison-decoration\/vaisselle-art-de-la-table\/couverts-vaisselle\/tasses-bols-mugs"},{"name":"Coupes, Coupelles et Ramequins","code":"R24F02SF01SS05","id":"26825","type":"RAYON","picto":null,"level":4,"sellerId":null,"slug":"coupes-coupelles-ramequins","selected":false,"children":null,"layers":"\/navigation\/26825\/layers","link":"\/r\/maison-decoration\/vaisselle-art-de-la-table\/couverts-vaisselle\/coupes-coupelles-ramequins"},{"name":"Range-couverts","code":"R24F02SF01SS06","id":"26826","type":"RAYON","picto":null,"level":4,"sellerId":null,"slug":"range-couverts","selected":false,"children":null,"layers":"\/navigation\/26826\/layers","link":"\/r\/maison-decoration\/vaisselle-art-de-la-table\/couverts-vaisselle\/range-couverts"}],"layers":"\/navigation\/26373\/layers","link":"\/r\/maison-decoration\/vaisselle-art-de-la-table\/couverts-vaisselle"},{"name":"Verrerie","code":"R24F02SF02","id":"26374","type":"RAYON","picto":null,"level":3,"sellerId":null,"slug":"verrerie","selected":false,"children":[{"name":"Verres \u00e0 eau","code":"R24F02SF02SS01","id":"26828","type":"RAYON","picto":null,"level":4,"sellerId":null,"slug":"verres-a-eau","selected":false,"children":null,"layers":"\/navigation\/26828\/layers","link":"\/r\/maison-decoration\/vaisselle-art-de-la-table\/verrerie\/verres-a-eau"},{"name":"Verres \u00e0 vin","code":"R24F02SF02SS02","id":"26829","type":"RAYON","picto":null,"level":4,"sellerId":null,"slug":"verres-a-vin","selected":false,"children":null,"layers":"\/navigation\/26829\/layers","link":"\/r\/maison-decoration\/vaisselle-art-de-la-table\/verrerie\/verres-a-vin"},{"name":"Fl\u00fbtes et Verres \u00e0 cocktail","code":"R24F02SF02SS03","id":"26830","type":"RAYON","picto":null,"level":4,"sellerId":null,"slug":"flutes","selected":false,"children":null,"layers":"\/navigation\/26830\/layers","link":"\/r\/maison-decoration\/vaisselle-art-de-la-table\/verrerie\/flutes"},{"name":"Verrines","code":"R24F02SF02SS04","id":"26831","type":"RAYON","picto":null,"level":4,"sellerId":null,"slug":"verrines","selected":false,"children":null,"layers":"\/navigation\/26831\/layers","link":"\/r\/maison-decoration\/vaisselle-art-de-la-table\/verrerie\/verrines"},{"name":"Carafes, Pichets et Bouteilles","code":"R24F02SF02SS05","id":"26887","type":"RAYON","picto":null,"level":4,"sellerId":null,"slug":"carafes-pichets-bouteilles","selected":false,"children":null,"layers":"\/navigation\/26887\/layers","link":"\/r\/maison-decoration\/vaisselle-art-de-la-table\/verrerie\/carafes-pichets-bouteilles"}],"layers":"\/navigation\/26374\/layers","link":"\/r\/maison-decoration\/vaisselle-art-de-la-table\/verrerie"},{"name":"Accessoires \u00e0 vin","code":"R24F02SF03","id":"26375","type":"RAYON","picto":null,"level":3,"sellerId":null,"slug":"accessoires-vin","selected":false,"children":[{"name":"Carafes \u00e0 d\u00e9canter","code":"R24F02SF03SS01","id":"26832","type":"RAYON","picto":null,"level":4,"sellerId":null,"slug":"carafes-a-decanter","selected":false,"children":null,"layers":"\/navigation\/26832\/layers","link":"\/r\/maison-decoration\/vaisselle-art-de-la-table\/accessoires-vin\/carafes-a-decanter"},{"name":"Tire-bouchons et Seaux \u00e0 champagne ","code":"R24F02SF03SS03","id":"26834","type":"RAYON","picto":null,"level":4,"sellerId":null,"slug":"tire-bouchons-et-seaux-a-champagne-","selected":false,"children":null,"layers":"\/navigation\/26834\/layers","link":"\/r\/maison-decoration\/vaisselle-art-de-la-table\/accessoires-vin\/tire-bouchons-et-seaux-a-champagne-"}],"layers":"\/navigation\/26375\/layers","link":"\/r\/maison-decoration\/vaisselle-art-de-la-table\/accessoires-vin"},{"name":"Saladiers et Plats de services","code":"R24F02SF04","id":"26376","type":"RAYON","picto":null,"level":3,"sellerId":null,"slug":"saladiers-plats-services","selected":false,"children":null,"layers":"\/navigation\/26376\/layers","link":"\/r\/maison-decoration\/vaisselle-art-de-la-table\/saladiers-plats-services"},{"name":"Plateaux, Dessous de plats et de verre","code":"R24F02SF05","id":"26377","type":"RAYON","picto":null,"level":3,"sellerId":null,"slug":"plateaux-dessous-plats-verre","selected":false,"children":null,"layers":"\/navigation\/26377\/layers","link":"\/r\/maison-decoration\/vaisselle-art-de-la-table\/plateaux-dessous-plats-verre"},{"name":"Plats et Cloches \u00e0 fromage","code":"R24F02SF06","id":"26379","type":"RAYON","picto":null,"level":3,"sellerId":null,"slug":"plats-cloches-a-fromage","selected":false,"children":null,"layers":"\/navigation\/26379\/layers","link":"\/r\/maison-decoration\/vaisselle-art-de-la-table\/plats-cloches-a-fromage"},{"name":"Corbeilles \u00e0 pain","code":"R24F02SF07","id":"26380","type":"RAYON","picto":null,"level":3,"sellerId":null,"slug":"corbeilles-a-pain","selected":false,"children":null,"layers":"\/navigation\/26380\/layers","link":"\/r\/maison-decoration\/vaisselle-art-de-la-table\/corbeilles-a-pain"},{"name":"Pour les \u00e9pices et assaisonnements","code":"R24F02SF08","id":"26381","type":"RAYON","picto":null,"level":3,"sellerId":null,"slug":"pour-epices-assaisonnements","selected":false,"children":null,"layers":"\/navigation\/26381\/layers","link":"\/r\/maison-decoration\/vaisselle-art-de-la-table\/pour-epices-assaisonnements"},{"name":"Vaisselles et D\u00e9corations \u00e0 emporter","code":"R24F02SF09","id":"26382","type":"RAYON","picto":null,"level":3,"sellerId":null,"slug":"vaisselles-decorations-a-emporter","selected":false,"children":[{"name":"Couverts et Vaisselles","code":"R24F02SF09SS01","id":"29002","type":"RAYON","picto":null,"level":4,"sellerId":null,"slug":"vaisselles","selected":false,"children":null,"layers":"\/navigation\/29002\/layers","link":"\/r\/maison-decoration\/vaisselle-art-de-la-table\/vaisselles-decorations-a-emporter\/vaisselles"},{"name":"Gobelets et verres \u00e0 emporter","code":"R24F02SF09SS02","id":"29003","type":"RAYON","picto":null,"level":4,"sellerId":null,"slug":"gobelets-verres-emporter","selected":false,"children":null,"layers":"\/navigation\/29003\/layers","link":"\/r\/maison-decoration\/vaisselle-art-de-la-table\/vaisselles-decorations-a-emporter\/gobelets-verres-emporter"},{"name":"Plateaux et Dessous de Plats","code":"R24F02SF09SS03","id":"29005","type":"RAYON","picto":null,"level":4,"sellerId":null,"slug":"plateaux-dessous-plats","selected":false,"children":null,"layers":"\/navigation\/29005\/layers","link":"\/r\/maison-decoration\/vaisselle-art-de-la-table\/vaisselles-decorations-a-emporter\/plateaux-dessous-plats"},{"name":"D\u00e9corations","code":"R24F02SF09SS04","id":"29004","type":"RAYON","picto":null,"level":4,"sellerId":null,"slug":"decorations","selected":false,"children":null,"layers":"\/navigation\/29004\/layers","link":"\/r\/maison-decoration\/vaisselle-art-de-la-table\/vaisselles-decorations-a-emporter\/decorations"},{"name":"Accessoires","code":"R24F02SF09SS05","id":"29006","type":"RAYON","picto":null,"level":4,"sellerId":null,"slug":"accessoires","selected":false,"children":null,"layers":"\/navigation\/29006\/layers","link":"\/r\/maison-decoration\/vaisselle-art-de-la-table\/vaisselles-decorations-a-emporter\/accessoires"}],"layers":"\/navigation\/26382\/layers","link":"\/r\/maison-decoration\/vaisselle-art-de-la-table\/vaisselles-decorations-a-emporter"}],"layers":"\/navigation\/26147\/layers","link":"\/r\/maison-decoration\/vaisselle-art-de-la-table"},{"name":"Cuisine","code":"R24F03","id":"26146","type":"RAYON","picto":null,"level":2,"sellerId":null,"slug":"cuisine","selected":false,"children":[{"name":"Cuisson et Pr\u00e9paration culinaire","code":"R24F03SF01","id":"26369","type":"RAYON","picto":null,"level":3,"sellerId":null,"slug":"cuisson-preparation-culinaire","selected":false,"children":[{"name":"Batteries de cuisine","code":"R24F03SF01SS01","id":"26769","type":"RAYON","picto":null,"level":4,"sellerId":null,"slug":"batteries-de-cuisine","selected":false,"children":null,"layers":"\/navigation\/26769\/layers","link":"\/r\/maison-decoration\/cuisine\/cuisson-preparation-culinaire\/batteries-de-cuisine"},{"name":"Casseroles","code":"R24F03SF01SS02","id":"26770","type":"RAYON","picto":null,"level":4,"sellerId":null,"slug":"casseroles","selected":false,"children":null,"layers":"\/navigation\/26770\/layers","link":"\/r\/maison-decoration\/cuisine\/cuisson-preparation-culinaire\/casseroles"},{"name":"Po\u00eales","code":"R24F03SF01SS03","id":"26771","type":"RAYON","picto":null,"level":4,"sellerId":null,"slug":"poeles","selected":false,"children":null,"layers":"\/navigation\/26771\/layers","link":"\/r\/maison-decoration\/cuisine\/cuisson-preparation-culinaire\/poeles"},{"name":"Sauteuses","code":"R24F03SF01SS04","id":"26772","type":"RAYON","picto":null,"level":4,"sellerId":null,"slug":"sauteuses","selected":false,"children":null,"layers":"\/navigation\/26772\/layers","link":"\/r\/maison-decoration\/cuisine\/cuisson-preparation-culinaire\/sauteuses"},{"name":"Cocottes et Cocottes en fonte","code":"R24F03SF01SS05","id":"26773","type":"RAYON","picto":null,"level":4,"sellerId":null,"slug":"cocottes","selected":false,"children":null,"layers":"\/navigation\/26773\/layers","link":"\/r\/maison-decoration\/cuisine\/cuisson-preparation-culinaire\/cocottes"},{"name":"Autocuiseurs et Cocotte minute","code":"R24F03SF01SS06","id":"26774","type":"RAYON","picto":null,"level":4,"sellerId":null,"slug":"autocuiseurs-cocotte-minute","selected":false,"children":null,"layers":"\/navigation\/26774\/layers","link":"\/r\/maison-decoration\/cuisine\/cuisson-preparation-culinaire\/autocuiseurs-cocotte-minute"},{"name":"Marmites","code":"R24F03SF01SS07","id":"26775","type":"RAYON","picto":null,"level":4,"sellerId":null,"slug":"marmites","selected":false,"children":null,"layers":"\/navigation\/26775\/layers","link":"\/r\/maison-decoration\/cuisine\/cuisson-preparation-culinaire\/marmites"},{"name":"Wok et Couscoussier","code":"R24F03SF01SS08","id":"26778","type":"RAYON","picto":null,"level":4,"sellerId":null,"slug":"wok-couscoussier","selected":false,"children":null,"layers":"\/navigation\/26778\/layers","link":"\/r\/maison-decoration\/cuisine\/cuisson-preparation-culinaire\/wok-couscoussier"},{"name":"Plats \u00e0 four","code":"R24F03SF01SS09","id":"26779","type":"RAYON","picto":null,"level":4,"sellerId":null,"slug":"plats-a-four","selected":false,"children":null,"layers":"\/navigation\/26779\/layers","link":"\/r\/maison-decoration\/cuisine\/cuisson-preparation-culinaire\/plats-a-four"},{"name":"Couvercles et Accessoires","code":"R24F03SF01SS10","id":"26776","type":"RAYON","picto":null,"level":4,"sellerId":null,"slug":"couvercles-accessoires","selected":false,"children":null,"layers":"\/navigation\/26776\/layers","link":"\/r\/maison-decoration\/cuisine\/cuisson-preparation-culinaire\/couvercles-accessoires"},{"name":"Accessoires et Joints","code":"R24F03SF01SS11","id":"26781","type":"RAYON","picto":null,"level":4,"sellerId":null,"slug":"accessoires-joints","selected":false,"children":null,"layers":"\/navigation\/26781\/layers","link":"\/r\/maison-decoration\/cuisine\/cuisson-preparation-culinaire\/accessoires-joints"}],"layers":"\/navigation\/26369\/layers","link":"\/r\/maison-decoration\/cuisine\/cuisson-preparation-culinaire"},{"name":"Outils de d\u00e9coupe","code":"R24F03SF02","id":"26370","type":"RAYON","picto":null,"level":3,"sellerId":null,"slug":"outils-decoupe","selected":false,"children":[{"name":"Couteaux de cuisine","code":"R24F03SF02SS01","id":"26791","type":"RAYON","picto":null,"level":4,"sellerId":null,"slug":"couteaux-de-cuisine","selected":false,"children":null,"layers":"\/navigation\/26791\/layers","link":"\/r\/maison-decoration\/cuisine\/outils-decoupe\/couteaux-de-cuisine"},{"name":"Blocs de couteaux","code":"R24F03SF02SS02","id":"26792","type":"RAYON","picto":null,"level":4,"sellerId":null,"slug":"blocs-de-couteaux","selected":false,"children":null,"layers":"\/navigation\/26792\/layers","link":"\/r\/maison-decoration\/cuisine\/outils-decoupe\/blocs-de-couteaux"},{"name":"Planches \u00e0 d\u00e9couper","code":"R24F03SF02SS03","id":"26806","type":"RAYON","picto":null,"level":4,"sellerId":null,"slug":"planches-a-decouper","selected":false,"children":null,"layers":"\/navigation\/26806\/layers","link":"\/r\/maison-decoration\/cuisine\/outils-decoupe\/planches-a-decouper"},{"name":"Ciseaux, Trancheuses et Couteaux \u00e9lectriques","code":"R24F03SF02SS04","id":"26807","type":"RAYON","picto":null,"level":4,"sellerId":null,"slug":"ciseaux-trancheuses-coutraux-electriques","selected":false,"children":null,"layers":"\/navigation\/26807\/layers","link":"\/r\/maison-decoration\/cuisine\/outils-decoupe\/ciseaux-trancheuses-coutraux-electriques"},{"name":"R\u00e2pes, Mandolines et Hachoirs","code":"R24F03SF02SS05","id":"26808","type":"RAYON","picto":null,"level":4,"sellerId":null,"slug":"rapes-mandolines-hachoirs","selected":false,"children":null,"layers":"\/navigation\/26808\/layers","link":"\/r\/maison-decoration\/cuisine\/outils-decoupe\/rapes-mandolines-hachoirs"},{"name":"Aiguiseurs et Fusils","code":"R24F03SF02SS06","id":"26790","type":"RAYON","picto":null,"level":4,"sellerId":null,"slug":"aiguiseurs-fusils","selected":false,"children":null,"layers":"\/navigation\/26790\/layers","link":"\/r\/maison-decoration\/cuisine\/outils-decoupe\/aiguiseurs-fusils"},{"name":"Economes","code":"R24F03SF02SS07","id":"26788","type":"RAYON","picto":null,"level":4,"sellerId":null,"slug":"economes","selected":false,"children":null,"layers":"\/navigation\/26788\/layers","link":"\/r\/maison-decoration\/cuisine\/outils-decoupe\/economes"}],"layers":"\/navigation\/26370\/layers","link":"\/r\/maison-decoration\/cuisine\/outils-decoupe"},{"name":"Ustensiles de cuisine","code":"R24F03SF03","id":"26371","type":"RAYON","picto":null,"level":3,"sellerId":null,"slug":"ustensiles-cuisine","selected":false,"children":[{"name":"Fouets, Spatules et Cuill\u00e8res","code":"R24F03SF03SS01","id":"26809","type":"RAYON","picto":null,"level":4,"sellerId":null,"slug":"fouets-spatules-cuilleres","selected":false,"children":null,"layers":"\/navigation\/26809\/layers","link":"\/r\/maison-decoration\/cuisine\/ustensiles-cuisine\/fouets-spatules-cuilleres"},{"name":"Egoutter et S\u00e9cher","code":"R24F03SF03SS02","id":"26811","type":"RAYON","picto":null,"level":4,"sellerId":null,"slug":"egoutter-secher","selected":false,"children":null,"layers":"\/navigation\/26811\/layers","link":"\/r\/maison-decoration\/cuisine\/ustensiles-cuisine\/egoutter-secher"},{"name":"Ouvre-bo\u00eetes, Tire-bouchons et D\u00e9capsuleurs","code":"R24F03SF03SS03","id":"26812","type":"RAYON","picto":null,"level":4,"sellerId":null,"slug":"ouvre-boites-tire-bouchons-et-decapsuleurs","selected":false,"children":null,"layers":"\/navigation\/26812\/layers","link":"\/r\/maison-decoration\/cuisine\/ustensiles-cuisine\/ouvre-boites-tire-bouchons-et-decapsuleurs"},{"name":"Pinces et Casse-noix","code":"R24F03SF03SS04","id":"26813","type":"RAYON","picto":null,"level":4,"sellerId":null,"slug":"pinces-et-casse-noix","selected":false,"children":null,"layers":"\/navigation\/26813\/layers","link":"\/r\/maison-decoration\/cuisine\/ustensiles-cuisine\/pinces-et-casse-noix"},{"name":"Bols de cuisine","code":"R24F03SF03SS05","id":"26815","type":"RAYON","picto":null,"level":4,"sellerId":null,"slug":"bols-de-cuisine","selected":false,"children":null,"layers":"\/navigation\/26815\/layers","link":"\/r\/maison-decoration\/cuisine\/ustensiles-cuisine\/bols-de-cuisine"},{"name":"Balances de cuisine et Ustensiles de mesure","code":"R24F03SF03SS06","id":"26810","type":"RAYON","picto":null,"level":4,"sellerId":null,"slug":"balance-de-cuisine","selected":false,"children":null,"layers":"\/navigation\/26810\/layers","link":"\/r\/maison-decoration\/cuisine\/ustensiles-cuisine\/balance-de-cuisine"},{"name":"Gants de cuisine","code":"R24F03SF03SS07","id":"26816","type":"RAYON","picto":null,"level":4,"sellerId":null,"slug":"gants-de-cuisine","selected":false,"children":null,"layers":"\/navigation\/26816\/layers","link":"\/r\/maison-decoration\/cuisine\/ustensiles-cuisine\/gants-de-cuisine"},{"name":"Machines \u00e0 pates","code":"R24F03SF03SS08","id":"26814","type":"RAYON","picto":null,"level":4,"sellerId":null,"slug":"machines-a-pates","selected":false,"children":null,"layers":"\/navigation\/26814\/layers","link":"\/r\/maison-decoration\/cuisine\/ustensiles-cuisine\/machines-a-pates"},{"name":"Autres accessoires","code":"R24F03SF03SS09","id":"26904","type":"RAYON","picto":null,"level":4,"sellerId":null,"slug":"autres-accessoires","selected":false,"children":null,"layers":"\/navigation\/26904\/layers","link":"\/r\/maison-decoration\/cuisine\/ustensiles-cuisine\/autres-accessoires"}],"layers":"\/navigation\/26371\/layers","link":"\/r\/maison-decoration\/cuisine\/ustensiles-cuisine"},{"name":"Emballages et Conservations","code":"R24F03SF04","id":"26372","type":"RAYON","picto":null,"level":3,"sellerId":null,"slug":"emballages-conservations","selected":false,"children":[{"name":"Papiers cuissons et Emballages","code":"R24F03SF04SS01","id":"26817","type":"RAYON","picto":null,"level":4,"sellerId":null,"slug":"papiers-cuissons-et-emballages","selected":false,"children":null,"layers":"\/navigation\/26817\/layers","link":"\/r\/maison-decoration\/cuisine\/emballages-conservations\/papiers-cuissons-et-emballages"},{"name":"Papiers et Barquettes aluminium","code":"R24F03SF04SS02","id":"26818","type":"RAYON","picto":null,"level":4,"sellerId":null,"slug":"papiers-et-barquettes-aluminium","selected":false,"children":null,"layers":"\/navigation\/26818\/layers","link":"\/r\/maison-decoration\/cuisine\/emballages-conservations\/papiers-et-barquettes-aluminium"},{"name":"Bo\u00eetes de conservation","code":"R24F03SF04SS03","id":"26819","type":"RAYON","picto":null,"level":4,"sellerId":null,"slug":"boites-de-conservation","selected":false,"children":null,"layers":"\/navigation\/26819\/layers","link":"\/r\/maison-decoration\/cuisine\/emballages-conservations\/boites-de-conservation"},{"name":"Bocaux","code":"R24F03SF04SS04","id":"26820","type":"RAYON","picto":null,"level":4,"sellerId":null,"slug":"bocaux","selected":false,"children":null,"layers":"\/navigation\/26820\/layers","link":"\/r\/maison-decoration\/cuisine\/emballages-conservations\/bocaux"},{"name":"Lunch box","code":"R24F03SF04SS05","id":"26821","type":"RAYON","picto":null,"level":4,"sellerId":null,"slug":"lunch-box","selected":false,"children":null,"layers":"\/navigation\/26821\/layers","link":"\/r\/maison-decoration\/cuisine\/emballages-conservations\/lunch-box"},{"name":"Glaci\u00e8res, Thermos et Sacs isothermes","code":"R24F03SF04SS06","id":"26866","type":"RAYON","picto":null,"level":4,"sellerId":null,"slug":"thermos-sacs-isothermes","selected":false,"children":null,"layers":"\/navigation\/26866\/layers","link":"\/r\/maison-decoration\/cuisine\/emballages-conservations\/thermos-sacs-isothermes"},{"name":"Machines de mise \u00e0 sous vide","code":"R24F03SF04SS07","id":"26873","type":"RAYON","picto":null,"level":4,"sellerId":null,"slug":"machine-de-mise-a-sous-vide","selected":false,"children":null,"layers":"\/navigation\/26873\/layers","link":"\/r\/maison-decoration\/cuisine\/emballages-conservations\/machine-de-mise-a-sous-vide"}],"layers":"\/navigation\/26372\/layers","link":"\/r\/maison-decoration\/cuisine\/emballages-conservations"}],"layers":"\/navigation\/26146\/layers","link":"\/r\/maison-decoration\/cuisine"},{"name":"Mobilier et D\u00e9coration","code":"R24F04","id":"26148","type":"RAYON","picto":null,"level":2,"sellerId":null,"slug":"mobilier-decoration","selected":false,"children":[{"name":"Sapins et d\u00e9corations de No\u00ebl ","code":"R24F03SF01","id":"26387","type":"RAYON","picto":null,"level":3,"sellerId":null,"slug":"sapins-decorations-noel","selected":false,"children":[{"name":"Sapins","code":"R24F03SF01SS01","id":"28684","type":"RAYON","picto":null,"level":4,"sellerId":null,"slug":"sapin","selected":false,"children":null,"layers":"\/navigation\/28684\/layers","link":"\/r\/maison-decoration\/mobilier-decoration\/sapins-decorations-noel\/sapin"},{"name":"Guirlandes","code":"R24F03SF01SS02","id":"28685","type":"RAYON","picto":null,"level":4,"sellerId":null,"slug":"guirlande","selected":false,"children":null,"layers":"\/navigation\/28685\/layers","link":"\/r\/maison-decoration\/mobilier-decoration\/sapins-decorations-noel\/guirlande"},{"name":"Guirlandes \u00e9lectriques","code":"R24F03SF01SS03","id":"28686","type":"RAYON","picto":null,"level":4,"sellerId":null,"slug":"guirlande-electrique","selected":false,"children":null,"layers":"\/navigation\/28686\/layers","link":"\/r\/maison-decoration\/mobilier-decoration\/sapins-decorations-noel\/guirlande-electrique"},{"name":"Boules de No\u00ebl","code":"R24F03SF01SS04","id":"28687","type":"RAYON","picto":null,"level":4,"sellerId":null,"slug":"boules-noel","selected":false,"children":null,"layers":"\/navigation\/28687\/layers","link":"\/r\/maison-decoration\/mobilier-decoration\/sapins-decorations-noel\/boules-noel"},{"name":"D\u00e9corations de table de No\u00ebl","code":"R24F03SF01SS05","id":"28689","type":"RAYON","picto":null,"level":4,"sellerId":null,"slug":"decoration-de-table-de-noel","selected":false,"children":null,"layers":"\/navigation\/28689\/layers","link":"\/r\/maison-decoration\/mobilier-decoration\/sapins-decorations-noel\/decoration-de-table-de-noel"},{"name":"Autres d\u00e9corations de No\u00ebl","code":"R24F03SF01SS06","id":"28688","type":"RAYON","picto":null,"level":4,"sellerId":null,"slug":"decoration-noel","selected":false,"children":null,"layers":"\/navigation\/28688\/layers","link":"\/r\/maison-decoration\/mobilier-decoration\/sapins-decorations-noel\/decoration-noel"}],"layers":"\/navigation\/26387\/layers","link":"\/r\/maison-decoration\/mobilier-decoration\/sapins-decorations-noel"},{"name":"Cuisine et Salle de bain","code":"R24F04SF03","id":"26383","type":"RAYON","picto":null,"level":3,"sellerId":null,"slug":"cuisine-salle-de-bain","selected":false,"children":[{"name":"Dessertes et Rangements","code":"R24F04SF03SS03","id":"26837","type":"RAYON","picto":null,"level":4,"sellerId":null,"slug":"dessertes-et-rangements","selected":false,"children":null,"layers":"\/navigation\/26837\/layers","link":"\/r\/maison-decoration\/mobilier-decoration\/cuisine-salle-de-bain\/dessertes-et-rangements"},{"name":"Chariots de course","code":"R24F04SF03SS04","id":"26838","type":"RAYON","picto":null,"level":4,"sellerId":null,"slug":"chariots-de-course","selected":false,"children":null,"layers":"\/navigation\/26838\/layers","link":"\/r\/maison-decoration\/mobilier-decoration\/cuisine-salle-de-bain\/chariots-de-course"},{"name":"Poubelles de cuisine et salle de bain","code":"R24F04SF03SS05","id":"26839","type":"RAYON","picto":null,"level":4,"sellerId":null,"slug":"poubelles-de-cuisines-et-salle-de-bain","selected":false,"children":null,"layers":"\/navigation\/26839\/layers","link":"\/r\/maison-decoration\/mobilier-decoration\/cuisine-salle-de-bain\/poubelles-de-cuisines-et-salle-de-bain"},{"name":"Colonnes de salle de bain","code":"R24F04SF03SS07","id":"26841","type":"RAYON","picto":null,"level":4,"sellerId":null,"slug":"colonnes-de-salle-de-bain","selected":false,"children":null,"layers":"\/navigation\/26841\/layers","link":"\/r\/maison-decoration\/mobilier-decoration\/cuisine-salle-de-bain\/colonnes-de-salle-de-bain"},{"name":"Accessoires de salle de bain","code":"R24F04SF03SS08","id":"26871","type":"RAYON","picto":null,"level":4,"sellerId":null,"slug":"accessoires-salle-de-bain","selected":false,"children":null,"layers":"\/navigation\/26871\/layers","link":"\/r\/maison-decoration\/mobilier-decoration\/cuisine-salle-de-bain\/accessoires-salle-de-bain"}],"layers":"\/navigation\/26383\/layers","link":"\/r\/maison-decoration\/mobilier-decoration\/cuisine-salle-de-bain"},{"name":"Salon","code":"R24F04SF04","id":"26384","type":"RAYON","picto":null,"level":3,"sellerId":null,"slug":"salon","selected":false,"children":[{"name":"Canap\u00e9s, Banquettes, BZ et Clic-clac","code":"R24F04SF04SS01","id":"26842","type":"RAYON","picto":null,"level":4,"sellerId":null,"slug":"canapes-banquettes-bz-clic-clac","selected":false,"children":null,"layers":"\/navigation\/26842\/layers","link":"\/r\/maison-decoration\/mobilier-decoration\/salon\/canapes-banquettes-bz-clic-clac"},{"name":"Chaises, Tabourets et Bars","code":"R24F04SF04SS03","id":"26847","type":"RAYON","picto":null,"level":4,"sellerId":null,"slug":"chaises-tabourets-et-bars","selected":false,"children":null,"layers":"\/navigation\/26847\/layers","link":"\/r\/maison-decoration\/mobilier-decoration\/salon\/chaises-tabourets-et-bars"}],"layers":"\/navigation\/26384\/layers","link":"\/r\/maison-decoration\/mobilier-decoration\/salon"},{"name":"Chambre et Literie","code":"R24F04SF05","id":"26385","type":"RAYON","picto":null,"level":3,"sellerId":null,"slug":"chambre-literie","selected":false,"children":[{"name":"Chambre compl\u00e8te","code":"R24F04SF05SS01","id":"26793","type":"RAYON","picto":null,"level":4,"sellerId":null,"slug":"chambre-complete","selected":false,"children":null,"layers":"\/navigation\/26793\/layers","link":"\/r\/maison-decoration\/mobilier-decoration\/chambre-literie\/chambre-complete"},{"name":"Structures de lit","code":"R24F04SF05SS02","id":"26794","type":"RAYON","picto":null,"level":4,"sellerId":null,"slug":"structures-de-lit","selected":false,"children":null,"layers":"\/navigation\/26794\/layers","link":"\/r\/maison-decoration\/mobilier-decoration\/chambre-literie\/structures-de-lit"},{"name":"Matelas","code":"R24F04SF05SS04","id":"26796","type":"RAYON","picto":null,"level":4,"sellerId":null,"slug":"matelas","selected":false,"children":null,"layers":"\/navigation\/26796\/layers","link":"\/r\/maison-decoration\/mobilier-decoration\/chambre-literie\/matelas"},{"name":"Surmatelas","code":"R24F04SF05SS06","id":"26798","type":"RAYON","picto":null,"level":4,"sellerId":null,"slug":"surmatelas","selected":false,"children":null,"layers":"\/navigation\/26798\/layers","link":"\/r\/maison-decoration\/mobilier-decoration\/chambre-literie\/surmatelas"},{"name":"Armoires","code":"R24F04SF05SS09","id":"26801","type":"RAYON","picto":null,"level":4,"sellerId":null,"slug":"armoires","selected":false,"children":null,"layers":"\/navigation\/26801\/layers","link":"\/r\/maison-decoration\/mobilier-decoration\/chambre-literie\/armoires"},{"name":"Lits pliant et Lits d'appoint","code":"R24F04SF05SS11","id":"26803","type":"RAYON","picto":null,"level":4,"sellerId":null,"slug":"lits-pliant-lits-appoint","selected":false,"children":null,"layers":"\/navigation\/26803\/layers","link":"\/r\/maison-decoration\/mobilier-decoration\/chambre-literie\/lits-pliant-lits-appoint"}],"layers":"\/navigation\/26385\/layers","link":"\/r\/maison-decoration\/mobilier-decoration\/chambre-literie"},{"name":"D\u00e9corations et Parfums d'int\u00e9rieur","code":"R24F04SF06","id":"26386","type":"RAYON","picto":null,"level":3,"sellerId":null,"slug":"decorations-parfums-interieur","selected":false,"children":[{"name":"Tapis et Miroirs","code":"R24F04SF06SS01","id":"26765","type":"RAYON","picto":null,"level":4,"sellerId":null,"slug":"tapis-miroirs","selected":false,"children":null,"layers":"\/navigation\/26765\/layers","link":"\/r\/maison-decoration\/mobilier-decoration\/decorations-parfums-interieur\/tapis-miroirs"},{"name":"Coussins","code":"R24F04SF06SS02","id":"26860","type":"RAYON","picto":null,"level":4,"sellerId":null,"slug":"coussins","selected":false,"children":null,"layers":"\/navigation\/26860\/layers","link":"\/r\/maison-decoration\/mobilier-decoration\/decorations-parfums-interieur\/coussins"},{"name":"Accessoires de d\u00e9coration","code":"R24F04SF06SS03","id":"26766","type":"RAYON","picto":null,"level":4,"sellerId":null,"slug":"accessoires-de-decoration","selected":false,"children":null,"layers":"\/navigation\/26766\/layers","link":"\/r\/maison-decoration\/mobilier-decoration\/decorations-parfums-interieur\/accessoires-de-decoration"},{"name":"Bougies","code":"R24F04SF06SS04","id":"26767","type":"RAYON","picto":null,"level":4,"sellerId":null,"slug":"bougies","selected":false,"children":null,"layers":"\/navigation\/26767\/layers","link":"\/r\/maison-decoration\/mobilier-decoration\/decorations-parfums-interieur\/bougies"},{"name":"Parfums d'int\u00e9rieur et Encens","code":"R24F04SF06SS05","id":"26768","type":"RAYON","picto":null,"level":4,"sellerId":null,"slug":"parfums-interieur-encens","selected":false,"children":null,"layers":"\/navigation\/26768\/layers","link":"\/r\/maison-decoration\/mobilier-decoration\/decorations-parfums-interieur\/parfums-interieur-encens"}],"layers":"\/navigation\/26386\/layers","link":"\/r\/maison-decoration\/mobilier-decoration\/decorations-parfums-interieur"},{"name":"Rangements","code":"R24F04SF08","id":"26389","type":"RAYON","picto":null,"level":3,"sellerId":null,"slug":"rangements","selected":false,"children":[{"name":"Etag\u00e8res","code":"R24F04SF08SS01","id":"26761","type":"RAYON","picto":null,"level":4,"sellerId":null,"slug":"etageres","selected":false,"children":null,"layers":"\/navigation\/26761\/layers","link":"\/r\/maison-decoration\/mobilier-decoration\/rangements\/etageres"},{"name":"Housses de rangement","code":"R24F04SF08SS02","id":"26762","type":"RAYON","picto":null,"level":4,"sellerId":null,"slug":"housses-de-rangement","selected":false,"children":null,"layers":"\/navigation\/26762\/layers","link":"\/r\/maison-decoration\/mobilier-decoration\/rangements\/housses-de-rangement"},{"name":"Bo\u00eetes et Tours de rangement","code":"R24F04SF08SS03","id":"26763","type":"RAYON","picto":null,"level":4,"sellerId":null,"slug":"boites-tours-de-rangement","selected":false,"children":null,"layers":"\/navigation\/26763\/layers","link":"\/r\/maison-decoration\/mobilier-decoration\/rangements\/boites-tours-de-rangement"},{"name":"Malles, Coffres et Cantines m\u00e9talliques","code":"R24F04SF08SS04","id":"26760","type":"RAYON","picto":null,"level":4,"sellerId":null,"slug":"malles-coffres-cantines-metalliques","selected":false,"children":null,"layers":"\/navigation\/26760\/layers","link":"\/r\/maison-decoration\/mobilier-decoration\/rangements\/malles-coffres-cantines-metalliques"},{"name":"Paniers","code":"R24F04SF08SS05","id":"26869","type":"RAYON","picto":null,"level":4,"sellerId":null,"slug":"paniers","selected":false,"children":null,"layers":"\/navigation\/26869\/layers","link":"\/r\/maison-decoration\/mobilier-decoration\/rangements\/paniers"},{"name":"Rangements \u00e0 chaussures et sp\u00e9ciaux","code":"R24F04SF08SS06","id":"26764","type":"RAYON","picto":null,"level":4,"sellerId":null,"slug":"rangements-a-chaussures-speciaux","selected":false,"children":null,"layers":"\/navigation\/26764\/layers","link":"\/r\/maison-decoration\/mobilier-decoration\/rangements\/rangements-a-chaussures-speciaux"}],"layers":"\/navigation\/26389\/layers","link":"\/r\/maison-decoration\/mobilier-decoration\/rangements"}],"layers":"\/navigation\/26148\/layers","link":"\/r\/maison-decoration\/mobilier-decoration"}],"layers":"\/navigation\/26024\/layers","link":"\/r\/maison-decoration"},{"name":"Mode et Bagagerie","code":"R25","id":"26025","type":"RAYON","picto":"https:\/\/media.carrefour.fr\/medias\/b21744f2a43437b6821caa6394c8dff0\/p_96x96\/26025.jpg","level":1,"sellerId":null,"slug":"mode-bagagerie","selected":false,"children":[{"name":"Femme","code":"R25F02","id":"26149","type":"RAYON","picto":null,"level":2,"sellerId":null,"slug":"femme","selected":false,"children":[{"name":"V\u00eatements","code":"R25F02SF01","id":"26390","type":"RAYON","picto":null,"level":3,"sellerId":null,"slug":"vetements","selected":false,"children":[{"name":"Hauts","code":"R25F02SF01SS01","id":"26459","type":"RAYON","picto":null,"level":4,"sellerId":null,"slug":"hauts","selected":false,"children":null,"layers":"\/navigation\/26459\/layers","link":"\/r\/mode-bagagerie\/femme\/vetements\/hauts"},{"name":"Pantalons et Jeans","code":"R25F02SF01SS04","id":"26464","type":"RAYON","picto":null,"level":4,"sellerId":null,"slug":"pantalons-jeans","selected":false,"children":null,"layers":"\/navigation\/26464\/layers","link":"\/r\/mode-bagagerie\/femme\/vetements\/pantalons-jeans"}],"layers":"\/navigation\/26390\/layers","link":"\/r\/mode-bagagerie\/femme\/vetements"},{"name":"Chaussons et Chaussures","code":"R25F02SF02","id":"26391","type":"RAYON","picto":null,"level":3,"sellerId":null,"slug":"chaussons-chaussures","selected":false,"children":[{"name":"Chaussures","code":"R25F02SF02SS01","id":"26465","type":"RAYON","picto":null,"level":4,"sellerId":null,"slug":"chaussures","selected":false,"children":null,"layers":"\/navigation\/26465\/layers","link":"\/r\/mode-bagagerie\/femme\/chaussons-chaussures\/chaussures"},{"name":"Chaussons","code":"R25F02SF02SS04","id":"26468","type":"RAYON","picto":null,"level":4,"sellerId":null,"slug":"chaussons","selected":false,"children":null,"layers":"\/navigation\/26468\/layers","link":"\/r\/mode-bagagerie\/femme\/chaussons-chaussures\/chaussons"}],"layers":"\/navigation\/26391\/layers","link":"\/r\/mode-bagagerie\/femme\/chaussons-chaussures"},{"name":"Sous-v\u00eatements et Pyjamas","code":"R25F02SF03","id":"26739","type":"RAYON","picto":null,"level":3,"sellerId":null,"slug":"sous-vetements","selected":false,"children":[{"name":"Soutiens-gorge","code":"R25F02SF03SS01","id":"26742","type":"RAYON","picto":null,"level":4,"sellerId":null,"slug":"soutiens-gorge","selected":false,"children":null,"layers":"\/navigation\/26742\/layers","link":"\/r\/mode-bagagerie\/femme\/sous-vetements\/soutiens-gorge"},{"name":"Culottes et Shorty","code":"R25F02SF03SS02","id":"26743","type":"RAYON","picto":null,"level":4,"sellerId":null,"slug":"culottes-shorty","selected":false,"children":null,"layers":"\/navigation\/26743\/layers","link":"\/r\/mode-bagagerie\/femme\/sous-vetements\/culottes-shorty"},{"name":"Pyjamas","code":"R25F02SF03SS03","id":"26744","type":"RAYON","picto":null,"level":4,"sellerId":null,"slug":"pyjamas","selected":false,"children":null,"layers":"\/navigation\/26744\/layers","link":"\/r\/mode-bagagerie\/femme\/sous-vetements\/pyjamas"},{"name":"Chaussettes","code":"R25F02SF03SS05","id":"26741","type":"RAYON","picto":null,"level":4,"sellerId":null,"slug":"chaussettes","selected":false,"children":null,"layers":"\/navigation\/26741\/layers","link":"\/r\/mode-bagagerie\/femme\/sous-vetements\/chaussettes"}],"layers":"\/navigation\/26739\/layers","link":"\/r\/mode-bagagerie\/femme\/sous-vetements"},{"name":"Collants, mi-bas et bas","code":"R25F02SF04","id":"26740","type":"RAYON","picto":null,"level":3,"sellerId":null,"slug":"collants","selected":false,"children":null,"layers":"\/navigation\/26740\/layers","link":"\/r\/mode-bagagerie\/femme\/collants"},{"name":"Accessoires","code":"R25F02SF06","id":"26395","type":"RAYON","picto":null,"level":3,"sellerId":null,"slug":"accessoires","selected":false,"children":null,"layers":"\/navigation\/26395\/layers","link":"\/r\/mode-bagagerie\/femme\/accessoires"}],"layers":"\/navigation\/26149\/layers","link":"\/r\/mode-bagagerie\/femme"},{"name":"Homme","code":"R25F03","id":"26150","type":"RAYON","picto":null,"level":2,"sellerId":null,"slug":"homme","selected":false,"children":[{"name":"V\u00eatements","code":"R25F03SF01","id":"26396","type":"RAYON","picto":null,"level":3,"sellerId":null,"slug":"vetements","selected":false,"children":[{"name":"T-shirts et D\u00e9bardeurs","code":"R25F03SF01SS01","id":"26932","type":"RAYON","picto":null,"level":4,"sellerId":null,"slug":"t-shirts-debardeurs","selected":false,"children":null,"layers":"\/navigation\/26932\/layers","link":"\/r\/mode-bagagerie\/homme\/vetements\/t-shirts-debardeurs"},{"name":"Pantalons et Jeans","code":"R25F03SF01SS04","id":"26728","type":"RAYON","picto":null,"level":4,"sellerId":null,"slug":"pantalons-jeans","selected":false,"children":null,"layers":"\/navigation\/26728\/layers","link":"\/r\/mode-bagagerie\/homme\/vetements\/pantalons-jeans"}],"layers":"\/navigation\/26396\/layers","link":"\/r\/mode-bagagerie\/homme\/vetements"},{"name":"Chaussons et Chaussures","code":"R25F03SF02","id":"26397","type":"RAYON","picto":null,"level":3,"sellerId":null,"slug":"chaussons-chaussures","selected":false,"children":[{"name":"Chaussures","code":"R25F03SF02SS01","id":"26731","type":"RAYON","picto":null,"level":4,"sellerId":null,"slug":"chaussures","selected":false,"children":null,"layers":"\/navigation\/26731\/layers","link":"\/r\/mode-bagagerie\/homme\/chaussons-chaussures\/chaussures"},{"name":"Baskets","code":"R25F03SF02SS02","id":"26733","type":"RAYON","picto":null,"level":4,"sellerId":null,"slug":"baskets","selected":false,"children":null,"layers":"\/navigation\/26733\/layers","link":"\/r\/mode-bagagerie\/homme\/chaussons-chaussures\/baskets"},{"name":"Chaussons","code":"R25F03SF02SS03","id":"26735","type":"RAYON","picto":null,"level":4,"sellerId":null,"slug":"chaussons","selected":false,"children":null,"layers":"\/navigation\/26735\/layers","link":"\/r\/mode-bagagerie\/homme\/chaussons-chaussures\/chaussons"}],"layers":"\/navigation\/26397\/layers","link":"\/r\/mode-bagagerie\/homme\/chaussons-chaussures"},{"name":"Sous-v\u00eatements et Pyjamas","code":"R25F03SF03","id":"26398","type":"RAYON","picto":null,"level":3,"sellerId":null,"slug":"sous-vetements","selected":false,"children":[{"name":"Boxers, Cale\u00e7ons et Slips","code":"R25F03SF03SS01","id":"26746","type":"RAYON","picto":null,"level":4,"sellerId":null,"slug":"boxers-calecons-slips","selected":false,"children":null,"layers":"\/navigation\/26746\/layers","link":"\/r\/mode-bagagerie\/homme\/sous-vetements\/boxers-calecons-slips"},{"name":"Chaussettes","code":"R25F03SF03SS02","id":"26748","type":"RAYON","picto":null,"level":4,"sellerId":null,"slug":"chaussettes","selected":false,"children":null,"layers":"\/navigation\/26748\/layers","link":"\/r\/mode-bagagerie\/homme\/sous-vetements\/chaussettes"},{"name":"Pyjamas","code":"R25F03SF03SS03","id":"26747","type":"RAYON","picto":null,"level":4,"sellerId":null,"slug":"pyjamas","selected":false,"children":null,"layers":"\/navigation\/26747\/layers","link":"\/r\/mode-bagagerie\/homme\/sous-vetements\/pyjamas"}],"layers":"\/navigation\/26398\/layers","link":"\/r\/mode-bagagerie\/homme\/sous-vetements"},{"name":"Accessoires","code":"R25F03SF05","id":"26400","type":"RAYON","picto":null,"level":3,"sellerId":null,"slug":"accessoires","selected":false,"children":null,"layers":"\/navigation\/26400\/layers","link":"\/r\/mode-bagagerie\/homme\/accessoires"}],"layers":"\/navigation\/26150\/layers","link":"\/r\/mode-bagagerie\/homme"},{"name":"Enfant","code":"R25F04","id":"26151","type":"RAYON","picto":null,"level":2,"sellerId":null,"slug":"enfant","selected":false,"children":[{"name":"V\u00eatements Filles 2 \u00e0 14 ans ","code":"R25F04SF01","id":"26401","type":"RAYON","picto":null,"level":3,"sellerId":null,"slug":"vetements-filles-2-a-14-ans","selected":false,"children":[{"name":"T-shirts et Polos","code":"R25F04SF01SS01","id":"26751","type":"RAYON","picto":null,"level":4,"sellerId":null,"slug":"t-shirts-polos","selected":false,"children":null,"layers":"\/navigation\/26751\/layers","link":"\/r\/mode-bagagerie\/enfant\/vetements-filles-2-a-14-ans\/t-shirts-polos"},{"name":"Pantalons","code":"R25F04SF01SS03","id":"26752","type":"RAYON","picto":null,"level":4,"sellerId":null,"slug":"pantalons","selected":false,"children":null,"layers":"\/navigation\/26752\/layers","link":"\/r\/mode-bagagerie\/enfant\/vetements-filles-2-a-14-ans\/pantalons"}],"layers":"\/navigation\/26401\/layers","link":"\/r\/mode-bagagerie\/enfant\/vetements-filles-2-a-14-ans"},{"name":"Chaussures Filles ","code":"R25F04SF02","id":"26403","type":"RAYON","picto":null,"level":3,"sellerId":null,"slug":"chaussures-filles","selected":false,"children":null,"layers":"\/navigation\/26403\/layers","link":"\/r\/mode-bagagerie\/enfant\/chaussures-filles"},{"name":"Chaussettes et Collants Filles","code":"R25F04SF03","id":"26749","type":"RAYON","picto":null,"level":3,"sellerId":null,"slug":"chaussettes-filles","selected":false,"children":null,"layers":"\/navigation\/26749\/layers","link":"\/r\/mode-bagagerie\/enfant\/chaussettes-filles"},{"name":"Sous-v\u00eatements et Pyjamas Filles","code":"R25F04SF04","id":"26918","type":"RAYON","picto":null,"level":3,"sellerId":null,"slug":"sous-vetement-pyjamas-filles","selected":false,"children":[{"name":"Sous-v\u00eatements ","code":"R25F04SF04SS01","id":"26919","type":"RAYON","picto":null,"level":4,"sellerId":null,"slug":"sous-vetement-fille","selected":false,"children":null,"layers":"\/navigation\/26919\/layers","link":"\/r\/mode-bagagerie\/enfant\/sous-vetement-pyjamas-filles\/sous-vetement-fille"}],"layers":"\/navigation\/26918\/layers","link":"\/r\/mode-bagagerie\/enfant\/sous-vetement-pyjamas-filles"},{"name":"V\u00eatements Gar\u00e7ons 2 \u00e0 14 ans","code":"R25F04SF05","id":"26402","type":"RAYON","picto":null,"level":3,"sellerId":null,"slug":"vetements-garcons-2-a-14-ans","selected":false,"children":[{"name":"T-shirts et Polos","code":"R25F04SF05SS01","id":"26756","type":"RAYON","picto":null,"level":4,"sellerId":null,"slug":"t-shirts-polos","selected":false,"children":null,"layers":"\/navigation\/26756\/layers","link":"\/r\/mode-bagagerie\/enfant\/vetements-garcons-2-a-14-ans\/t-shirts-polos"},{"name":"Pantalons","code":"R25F04SF05SS03","id":"26758","type":"RAYON","picto":null,"level":4,"sellerId":null,"slug":"pantalons","selected":false,"children":null,"layers":"\/navigation\/26758\/layers","link":"\/r\/mode-bagagerie\/enfant\/vetements-garcons-2-a-14-ans\/pantalons"}],"layers":"\/navigation\/26402\/layers","link":"\/r\/mode-bagagerie\/enfant\/vetements-garcons-2-a-14-ans"},{"name":"Chaussures Gar\u00e7ons","code":"R25F04SF06","id":"26404","type":"RAYON","picto":null,"level":3,"sellerId":null,"slug":"chaussures-garcons","selected":false,"children":null,"layers":"\/navigation\/26404\/layers","link":"\/r\/mode-bagagerie\/enfant\/chaussures-garcons"},{"name":"Chaussettes Gar\u00e7ons","code":"R25F04SF07","id":"26750","type":"RAYON","picto":null,"level":3,"sellerId":null,"slug":"chaussettes-garcons","selected":false,"children":null,"layers":"\/navigation\/26750\/layers","link":"\/r\/mode-bagagerie\/enfant\/chaussettes-garcons"},{"name":"Sous-v\u00eatements et Pyjamas Gar\u00e7ons","code":"R25F04SF08","id":"26921","type":"RAYON","picto":null,"level":3,"sellerId":null,"slug":"sous-vetements-garcons","selected":false,"children":[{"name":"Sous-v\u00eatements","code":"R25F04SF08SS01","id":"26922","type":"RAYON","picto":null,"level":4,"sellerId":null,"slug":"sous-vetements","selected":false,"children":null,"layers":"\/navigation\/26922\/layers","link":"\/r\/mode-bagagerie\/enfant\/sous-vetements-garcons\/sous-vetements"},{"name":"Pyjamas","code":"R25F04SF08SS02","id":"26923","type":"RAYON","picto":null,"level":4,"sellerId":null,"slug":"pyjama","selected":false,"children":null,"layers":"\/navigation\/26923\/layers","link":"\/r\/mode-bagagerie\/enfant\/sous-vetements-garcons\/pyjama"}],"layers":"\/navigation\/26921\/layers","link":"\/r\/mode-bagagerie\/enfant\/sous-vetements-garcons"},{"name":"Montres Enfant","code":"R25F04SF10","id":"26935","type":"RAYON","picto":null,"level":3,"sellerId":null,"slug":"montre-enfant","selected":false,"children":null,"layers":"\/navigation\/26935\/layers","link":"\/r\/mode-bagagerie\/enfant\/montre-enfant"}],"layers":"\/navigation\/26151\/layers","link":"\/r\/mode-bagagerie\/enfant"},{"name":"Bagagerie et Maroquinerie","code":"R25F05","id":"26152","type":"RAYON","picto":null,"level":2,"sellerId":null,"slug":"bagagerie-maroquinerie","selected":false,"children":[{"name":"Sacs de voyage et sport","code":"R25F05SF03","id":"26408","type":"RAYON","picto":null,"level":3,"sellerId":null,"slug":"sacs-de-voyage-sport","selected":false,"children":null,"layers":"\/navigation\/26408\/layers","link":"\/r\/mode-bagagerie\/bagagerie-maroquinerie\/sacs-de-voyage-sport"},{"name":"Sacs \u00e0 dos et Bananes","code":"R25F05SF04","id":"26409","type":"RAYON","picto":null,"level":3,"sellerId":null,"slug":"sacs-a-dos-et-bananes","selected":false,"children":null,"layers":"\/navigation\/26409\/layers","link":"\/r\/mode-bagagerie\/bagagerie-maroquinerie\/sacs-a-dos-et-bananes"},{"name":"Maroquinerie","code":"R25F05SF05","id":"26410","type":"RAYON","picto":null,"level":3,"sellerId":null,"slug":"maroquinerie","selected":false,"children":null,"layers":"\/navigation\/26410\/layers","link":"\/r\/mode-bagagerie\/bagagerie-maroquinerie\/maroquinerie"},{"name":"Vanity et Accessoires de voyages","code":"R25F05SF06","id":"26411","type":"RAYON","picto":null,"level":3,"sellerId":null,"slug":"vanity-accessoires-voyages","selected":false,"children":null,"layers":"\/navigation\/26411\/layers","link":"\/r\/mode-bagagerie\/bagagerie-maroquinerie\/vanity-accessoires-voyages"},{"name":"Cirages et entretien des chaussures","code":"R25F05SF08","id":"26907","type":"RAYON","picto":null,"level":3,"sellerId":null,"slug":"cirage-entretien-chaussures","selected":false,"children":null,"layers":"\/navigation\/26907\/layers","link":"\/r\/mode-bagagerie\/bagagerie-maroquinerie\/cirage-entretien-chaussures"}],"layers":"\/navigation\/26152\/layers","link":"\/r\/mode-bagagerie\/bagagerie-maroquinerie"}],"layers":"\/navigation\/26025\/layers","link":"\/r\/mode-bagagerie"},{"name":"Tout pour des f\u00eates r\u00e9ussies","code":"R29","id":"28641","type":"RAYON","picto":"https:\/\/media.carrefour.fr\/medias\/1226240e13cc3e1ab2ae955943df60e5\/p_96x96\/28641.jpg","level":1,"sellerId":null,"slug":"noel","selected":false,"children":[{"name":"Repas de F\u00eate","code":"R29F01","id":"28729","type":"RAYON","picto":null,"level":2,"sellerId":null,"slug":"repas-fete","selected":false,"children":[{"name":"Saumon, Foie gras et Caviar","code":"R29F01SF02","id":"28752","type":"RAYON","picto":null,"level":3,"sellerId":null,"slug":"saumon-foie-gras-caviar","selected":false,"children":[{"name":"Caviar","code":"R29F01SF02SS01","id":"28758","type":"RAYON","picto":null,"level":4,"sellerId":null,"slug":"caviar","selected":false,"children":null,"layers":"\/navigation\/28758\/layers","link":"\/r\/noel\/repas-fete\/saumon-foie-gras-caviar\/caviar"},{"name":"Toast et Canap\u00e9","code":"R29F01SF02SS04","id":"28760","type":"RAYON","picto":null,"level":4,"sellerId":null,"slug":"toast-canape","selected":false,"children":null,"layers":"\/navigation\/28760\/layers","link":"\/r\/noel\/repas-fete\/saumon-foie-gras-caviar\/toast-canape"}],"layers":"\/navigation\/28752\/layers","link":"\/r\/noel\/repas-fete\/saumon-foie-gras-caviar"},{"name":"Viandes et Volailles","code":"R29F01SF03","id":"28753","type":"RAYON","picto":null,"level":3,"sellerId":null,"slug":"viandes-volailles","selected":false,"children":[{"name":"Porc","code":"R29F01SF03SS03","id":"28830","type":"RAYON","picto":null,"level":4,"sellerId":null,"slug":"porc","selected":false,"children":null,"layers":"\/navigation\/28830\/layers","link":"\/r\/noel\/repas-fete\/viandes-volailles\/porc"},{"name":"Boeuf et autres viandes","code":"R29F01SF03SS06","id":"28773","type":"RAYON","picto":null,"level":4,"sellerId":null,"slug":"boeuf","selected":false,"children":null,"layers":"\/navigation\/28773\/layers","link":"\/r\/noel\/repas-fete\/viandes-volailles\/boeuf"},{"name":"Sauces","code":"R29F01SF03SS07","id":"28771","type":"RAYON","picto":null,"level":4,"sellerId":null,"slug":"sauces","selected":false,"children":null,"layers":"\/navigation\/28771\/layers","link":"\/r\/noel\/repas-fete\/viandes-volailles\/sauces"},{"name":"Farces","code":"R29F01SF03SS08","id":"28774","type":"RAYON","picto":null,"level":4,"sellerId":null,"slug":"farces","selected":false,"children":null,"layers":"\/navigation\/28774\/layers","link":"\/r\/noel\/repas-fete\/viandes-volailles\/farces"}],"layers":"\/navigation\/28753\/layers","link":"\/r\/noel\/repas-fete\/viandes-volailles"},{"name":"Surgel\u00e9s","code":"R29F01SF06","id":"28822","type":"RAYON","picto":null,"level":3,"sellerId":null,"slug":"surgeles","selected":false,"children":[{"name":"Ap\u00e9ritifs et Entr\u00e9es","code":"R29F01SF06SS01","id":"28824","type":"RAYON","picto":null,"level":4,"sellerId":null,"slug":"peritifs-entrees","selected":false,"children":null,"layers":"\/navigation\/28824\/layers","link":"\/r\/noel\/repas-fete\/surgeles\/peritifs-entrees"},{"name":"Viandes et Poissons","code":"R29F01SF06SS02","id":"28825","type":"RAYON","picto":null,"level":4,"sellerId":null,"slug":"viandes-poissons","selected":false,"children":null,"layers":"\/navigation\/28825\/layers","link":"\/r\/noel\/repas-fete\/surgeles\/viandes-poissons"},{"name":"L\u00e9gumes et Accompagnements","code":"R29F01SF06SS03","id":"28826","type":"RAYON","picto":null,"level":4,"sellerId":null,"slug":"legumes-accompagnements","selected":false,"children":null,"layers":"\/navigation\/28826\/layers","link":"\/r\/noel\/repas-fete\/surgeles\/legumes-accompagnements"},{"name":"B\u00fbches et Desserts","code":"R29F01SF06SS04","id":"28827","type":"RAYON","picto":null,"level":4,"sellerId":null,"slug":"buches-desserts","selected":false,"children":null,"layers":"\/navigation\/28827\/layers","link":"\/r\/noel\/repas-fete\/surgeles\/buches-desserts"}],"layers":"\/navigation\/28822\/layers","link":"\/r\/noel\/repas-fete\/surgeles"}],"layers":"\/navigation\/28729\/layers","link":"\/r\/noel\/repas-fete"},{"name":"D\u00e9coration et Arts de la table","code":"R29F04","id":"28664","type":"RAYON","picto":null,"level":2,"sellerId":null,"slug":"decoration-arts-table","selected":false,"children":[{"name":"Sapins","code":"R29F04SF01","id":"28836","type":"RAYON","picto":null,"level":3,"sellerId":null,"slug":"sapin","selected":false,"children":null,"layers":"\/navigation\/28836\/layers","link":"\/r\/noel\/decoration-arts-table\/sapin"},{"name":"D\u00e9coration","code":"R29F04SF02","id":"28676","type":"RAYON","picto":null,"level":3,"sellerId":null,"slug":"decoration","selected":false,"children":null,"layers":"\/navigation\/28676\/layers","link":"\/r\/noel\/decoration-arts-table\/decoration"}],"layers":"\/navigation\/28664\/layers","link":"\/r\/noel\/decoration-arts-table"}],"layers":"\/navigation\/28641\/layers","link":"\/r\/noel"},{"name":"Services","code":"services","id":"services","type":"RAYON","picto":"","level":1,"sellerId":null,"slug":"","selected":false,"children":[{"name":"Banque et Assurance","code":"services0","id":"services0","type":"RAYON","picto":"https:\/\/static-cms.carrefour.fr\/sites\/default\/files\/2018-06\/ic_nav_banque_v2.svg?itok=bB7_w1_q","level":2,"sellerId":null,"slug":"","selected":false,"children":null,"link":"\/services\/banque-et-assurance"},{"name":"Spectacles","code":"services1","id":"services1","type":"RAYON","picto":"https:\/\/static-cms.carrefour.fr\/sites\/default\/files\/2018-06\/ic_nav_spectacle_v2.svg?itok=bB7_w1_q","level":2,"sellerId":null,"slug":"","selected":false,"target":"_blank","children":null,"link":"https:\/\/www.spectacles.carrefour.fr\/?utm_medium=ecosystem_carrefour&utm_source=carrefour&utm_campaign=services&utm_content=10000_idees_de_sorties"},{"name":"Voyages","code":"services2","id":"services2","type":"RAYON","picto":"https:\/\/static-cms.carrefour.fr\/sites\/default\/files\/2018-06\/ic_voyages_v2.svg?itok=bB7_w1_q","level":2,"sellerId":null,"slug":"","selected":false,"target":"_blank","children":null,"link":"https:\/\/voyages.carrefour.fr\/?utm_source=one_services&utm_medium=carrefour&utm_campaign=carrefour_one"},{"name":"Location","code":"services3","id":"services3","type":"RAYON","picto":"https:\/\/static-cms.carrefour.fr\/sites\/default\/files\/2018-06\/ic_nav_location_v2.svg?itok=bB7_w1_q","level":2,"sellerId":null,"slug":"","selected":false,"children":null,"link":"\/services\/carrefour-location"},{"name":"Carte PASS","code":"services4","id":"services4","type":"RAYON","picto":"https:\/\/static-cms.carrefour.fr\/sites\/default\/files\/2019-10\/ic_nav_cartepass.svg?itok=bB7_w1_q","level":2,"sellerId":null,"slug":"","selected":false,"children":null,"link":"\/services\/carte-pass"},{"name":"Carte Carrefour","code":"services5","id":"services5","type":"RAYON","picto":"https:\/\/static-cms.carrefour.fr\/sites\/default\/files\/2018-06\/ic_nav_carte_carrefour_v2.svg?itok=bB7_w1_q","level":2,"sellerId":null,"slug":"","selected":false,"children":null,"link":"\/services\/carte-carrefour"},{"name":"Commande Traiteur","code":"services6","id":"services6","type":"RAYON","picto":"https:\/\/static-cms.carrefour.fr\/sites\/default\/files\/2018-06\/ic_nav_traiteur_v2.svg?itok=bB7_w1_q","level":2,"sellerId":null,"slug":"","selected":false,"children":null,"link":"\/services\/traiteur-en-ligne"},{"name":"Quitoque","code":"services7","id":"services7","type":"RAYON","picto":"https:\/\/static-cms.carrefour.fr\/sites\/default\/files\/2018-07\/ic_nav_quitoque.svg?itok=bB7_w1_q","level":2,"sellerId":null,"slug":"","selected":false,"children":null,"link":"\/services\/quitoque"},{"name":"Fioul Domestique","code":"services8","id":"services8","type":"RAYON","picto":"https:\/\/static-cms.carrefour.fr\/sites\/default\/files\/2018-06\/ic_nav_fioul_domestique_v2.svg?itok=bB7_w1_q","level":2,"sellerId":null,"slug":"","selected":false,"children":null,"link":"\/services\/fioul-domestique"},{"name":"Prime Eco Travaux","code":"services9","id":"services9","type":"RAYON","picto":"https:\/\/static-cms.carrefour.fr\/sites\/default\/files\/2020-01\/ic_nav_bricolage_domo.svg?itok=bB7_w1_q","level":2,"sellerId":null,"slug":"","selected":false,"target":"_blank","children":null,"link":"https:\/\/www.prime-eco-travaux-carrefour.fr\/"},{"name":"Carte Carburant pros","code":"services10","id":"services10","type":"RAYON","picto":"https:\/\/static-cms.carrefour.fr\/sites\/default\/files\/2020-01\/ic_nav_fioul_domestique.svg?itok=bB7_w1_q","level":2,"sellerId":null,"slug":"","selected":false,"target":"_blank","children":null,"link":"https:\/\/carte-carburant.carrefour.fr\/"}],"link":"\/services"}],"created_at":{"date":"2021-01-04 06:00:01.000000","timezone_type":1,"timezone":"+01:00"}}
    window.context.store = {"ref":"0261","basketServiceId":"0261-150-6","name":"Carrefour","isDrive":true,"isLad":false,"isOoshop":false,"postalCode":"00000","mode":"PICKING_DRIVE","cartStoreFormat":"HYPER","format":"HYPER","driveType":"drive","isLoyaltyActivated":true,"orderType":"PICKING_DRIVE","cartStoreID":"6","canPayOnStore":false,"cardAcceptedOnStore":[],"address":{"address1":"X","address2":"X","address3":"","city":"X","cityCode":"XX000","postalCode":"00000","region":"","geoCoordinates":{"lat":"","lon":""}},"distance":null,"isOpenToday":false,"todayOpening":null,"pickingMode":null,"banner":"NON DEFINI","isVirtual":true,"storePageUrl":"\/magasin\/","hideDriveFeesEnabled":true}
  </script>

  
      <script type="text/javascript" src="//static.queue-it.net/script/queueclient.min.js"></script>
    <script data-queueit-c="carrefourfr" type="text/javascript" src="//static.queue-it.net/script/queueconfigloader.min.js">
    </script>
  
  
      <script rel="javascript" src="/tagcommander.js?position=head"></script>
    
  <script type="text/javascript">
    var tc_vars = {
    "env_work": "prod",
    "env_device": function(ua){return /(tablet|ipad|playbook|silk)|(android(?!.*mobile))/i.test(ua)?'tablet':(/Mobile|iP(hone|od)|Android|BlackBerry|IEMobile|Kindle|NetFront|Silk-Accelerated|(hpw|web)OS|Fennec|Minimo|Opera M(obi|ini)|Blazer|Dolfin|Dolphin|Skyfire|Zune/.test(ua)?'mobile':'desktop')}(window.navigator.userAgent),
    "user_storeFormat": "",
    "user_storeID": "",
    "user_storeIDM": ""
    };
  </script>

    
    
      <link href="/css/app.80a304ad76c947df6dd9.59b2543fd670d0b7d9d8e5b3f6dae876-1.css?533423afc72001abb59f" rel="stylesheet"  />
    
      <link href="/css/app.80a304ad76c947df6dd9.59b2543fd670d0b7d9d8e5b3f6dae876-2.css?533423afc72001abb59f" rel="stylesheet"  />
    
      <link href="/css/app.80a304ad76c947df6dd9.59b2543fd670d0b7d9d8e5b3f6dae876-3.css?533423afc72001abb59f" rel="stylesheet"  />
    
    

    
      
        
        
          <link rel="preload" href="/js/manifest.927b47ef9c2ad3348308.js?533423afc72001abb59f" as="script"  />
        
      
        
        
          <link rel="preload" href="/js/vendors.c41a31df2a76957e65b8.js?533423afc72001abb59f" as="script"  />
        
      
        
        
          <link rel="preload" href="/js/common.2014b476c828786320d1.js?533423afc72001abb59f" as="script"  />
        
      
        
        
          <link rel="preload" href="/js/app-translations.c0df935b0ffa26f0b207.js?533423afc72001abb59f" as="script"  />
        
      
        
        
          <link rel="preload" href="/js/app.d0227eac8b3101e74f8f.js?533423afc72001abb59f" as="script"  />
        
      
        
        
          <link rel="preload" href="/js/translations.93de083d5fec7756106c.js?533423afc72001abb59f" as="script"  />
        
      
        
        
      
    
  <script type="text/javascript">
        if (!window.ONECF) window.ONECF = {}
        window.ONECF.spritesSources = ["images/sprites/sprite-brand-bc17b98cd358dcb9f7e2c6f150b3e7ca.svg","images/sprites/sprite-graphic-80bc846c12bfa86aa8684b487ab6dec5.svg","images/sprites/sprite-icons-ce9879710804ee8608b6f34dbe80c31c.svg","images/sprites/sprite-critical-50adf7cffa6343fe6a936ced3ded6fea.svg","images/sprites/sprite-pastilles-c78c48ef5ef068bc86455f152dc0ff04.svg"]
      </script></head>

  <body>

  
      <header
  class="header"
  is="HeaderComponent"
  id="header"
  :search-value="&quot;&quot;"
  :channel-switch-is-hidden="false"
  :alert-banner-is-hidden="false"
  :alert-banner-params="{&quot;rayonCode&quot;:&quot;27074&quot;}"
>
  <div class="header__wrapper">
    <div class="mainbar">
  
    <div class="mainbar__menu" role="button" tabindex="0">
      <i></i>
      <strong>Rayons</strong>
    </div>

    
          <a href="/" class="mainbar__logo">
        <span class="carrefour-logo"><span class="carrefour-logo__text">Page d&#039;accueil du site Carrefour</span></span>
      </a>
    
    
    <div class="mainbar__search">
      
<form method="GET" action="/s" autocomplete="off" role="search" id="search-form" class="search-form">
    <div id="search-bar" class="search-bar">
        <input
  type="text"
  name="q"
  id="search-bar-input"
  class="search-bar-input"
  placeholder="Pain, oeufs, jeux-vidéo, ampoules, ..."
  autocomplete="off"
  role="combobox"
  aria-owns="autocomplete-results"
  aria-label="Rechercher parmi le contenu du site"
  aria-expanded="false"
  aria-autocomplete="both"
  required="required"
  />
        <button type="reset" id="button-clean" class="button-clean" value="" is="button-clean">Effacer</button>
        <input
  type="submit"
  class="button-search"
  value="Soumettre"
  is="button-search"
/>
    </div>
    <div is="search-bar" :async-src="&quot;\/autocomplete&quot;"></div>
</form>
    </div>

    
      
              <a
          href="/mon-compte/login"
          class="mainbar__link mainbar__link--account"
          role="button"
          tabindex="0"
        >
          <div class="mainbar__link-icon">
            

<script type="application/javascript" defer>
  setTimeout(() => {
    window.ONECF.sprites && window.ONECF.sprites.checkOrFetchDefs({
      prefix: "i",
      source: null,
      isLoaded: false
    })
  }, 0)
</script>

  <svg class="svg-icon  svg-icon--m " aria-hidden="true">
    <use xlink:href="#i25" />
  </svg>
          </div>
          Compte
        </a>
      
      
              <a
          href="/mon-compte/listes"
          class="mainbar__link mainbar__link--lists"
          role="button"
          tabindex="0"
        >
          <div class="mainbar__link-icon">
            

<script type="application/javascript" defer>
  setTimeout(() => {
    window.ONECF.sprites && window.ONECF.sprites.checkOrFetchDefs({
      prefix: "i",
      source: null,
      isLoaded: false
    })
  }, 0)
</script>

  <svg class="svg-icon  svg-icon--m " aria-hidden="true">
    <use xlink:href="#i23" />
  </svg>
          </div>
          Listes
        </a>
      
      
              <a
          href="/cart"
          class="mainbar__link mainbar__link--cart"
          role="button"
          tabindex="0"
        >
          <div class="mainbar__link-icon">
            

<script type="application/javascript" defer>
  setTimeout(() => {
    window.ONECF.sprites && window.ONECF.sprites.checkOrFetchDefs({
      prefix: "i",
      source: null,
      isLoaded: false
    })
  }, 0)
</script>

  <svg class="svg-icon  svg-icon--m " aria-hidden="true">
    <use xlink:href="#i21" />
  </svg>
          </div>
          Panier
        </a>

      
    </div>
          <div class="sub-header">
</div>
      </div>
</header>
  
  <div id="basket-panel" is="basket-panel" class="basket-panel"></div>

  
<nav class="navigation" is="navigation" :frequent-navlink-flag="true" >
  <div class="navigation__inner">
    <ul class="nav-item__menu nav-item__menu-level-0" id="data-menu-level-0">
              

<li class="nav-item nav-item--promotions">
    <a href="/promotions">
    <span class="nav-item__icon"></span>Promotions</a>
</li>
              

<li class="nav-item ">
    <a href="/r/vendeurs-partenaires-carrefour">
    <span class="nav-item__icon"></span>Nos vendeurs partenaires</a>
</li>
              

<li class="nav-item ">
    <a href="/r/bio-et-ecologie">
    <span class="nav-item__icon"></span>Bio et Ecologie</a>
</li>
              

<li class="nav-item ">
    <a href="/r/fruits-et-legumes">
    <span class="nav-item__icon"></span>Fruits et Légumes</a>
</li>
              

<li class="nav-item ">
    <a href="/r/viandes-et-poissons">
    <span class="nav-item__icon"></span>Viandes et Poissons</a>
</li>
              

<li class="nav-item ">
    <a href="/r/pains-et-patisseries">
    <span class="nav-item__icon"></span>Pains et Pâtisseries</a>
</li>
              

<li class="nav-item ">
    <a href="/r/frais">
    <span class="nav-item__icon"></span>Frais</a>
</li>
              

<li class="nav-item ">
    <a href="/r/surgeles">
    <span class="nav-item__icon"></span>Surgelés</a>
</li>
              

<li class="nav-item ">
    <a href="/r/epicerie-salee">
    <span class="nav-item__icon"></span>Epicerie salée</a>
</li>
              

<li class="nav-item ">
    <a href="/r/epicerie-sucree">
    <span class="nav-item__icon"></span>Epicerie sucrée</a>
</li>
              

<li class="nav-item ">
    <a href="/r/boissons">
    <span class="nav-item__icon"></span>Boissons</a>
</li>
              

<li class="nav-item ">
    <a href="/r/produits-du-terroir">
    <span class="nav-item__icon"></span>Produits du terroir</a>
</li>
              

<li class="nav-item ">
    <a href="/r/bebe">
    <span class="nav-item__icon"></span>Bébé</a>
</li>
              

<li class="nav-item ">
    <a href="/r/hygiene-et-beaute">
    <span class="nav-item__icon"></span>Hygiène et Beauté</a>
</li>
              

<li class="nav-item ">
    <a href="/boutique/parapharmacie">
    <span class="nav-item__icon"></span>Parapharmacie</a>
</li>
              

<li class="nav-item ">
    <a href="/r/entretien-et-nettoyage">
    <span class="nav-item__icon"></span>Entretien et Nettoyage</a>
</li>
              

<li class="nav-item ">
    <a href="/r/animaux">
    <span class="nav-item__icon"></span>Animaux</a>
</li>
              

<li class="nav-item ">
    <a href="/r/electromenager">
    <span class="nav-item__icon"></span>Electroménager</a>
</li>
              

<li class="nav-item ">
    <a href="/r/jeux-videos-culture">
    <span class="nav-item__icon"></span>Jeux vidéos et Culture</a>
</li>
              

<li class="nav-item ">
    <a href="/r/smartphones-objets-connectes">
    <span class="nav-item__icon"></span>Smartphones et Objets Connectés</a>
</li>
              

<li class="nav-item ">
    <a href="/r/image-son">
    <span class="nav-item__icon"></span>Image et Son</a>
</li>
              

<li class="nav-item ">
    <a href="/r/informatique-bureau">
    <span class="nav-item__icon"></span>Informatique et Bureau</a>
</li>
              

<li class="nav-item ">
    <a href="/r/jouets-sports-loisirs">
    <span class="nav-item__icon"></span>Jouets, Sports et Loisirs</a>
</li>
              

<li class="nav-item ">
    <a href="/r/jardin-bricolage-auto">
    <span class="nav-item__icon"></span>Jardin, Bricolage et Auto</a>
</li>
              

<li class="nav-item ">
    <a href="/r/maison-decoration">
    <span class="nav-item__icon"></span>Maison et Décoration</a>
</li>
              

<li class="nav-item ">
    <a href="/r/mode-bagagerie">
    <span class="nav-item__icon"></span>Mode et Bagagerie</a>
</li>
              

<li class="nav-item ">
    <a href="/r/noel">
    <span class="nav-item__icon"></span>Tout pour des fêtes réussies</a>
</li>
              

<li class="nav-item nav-item--services">
    <a href="/services">
    <span class="nav-item__icon"></span>Services</a>
</li>
          </ul>
  </div>
</nav>

  <main class="c-main side-template product-listing-page" id="main">
        <input type="checkbox" class="side-template__checkbox" id="sidetpl_checkbox"/>
  <input type="checkbox" class="side-template__flapnav-checkbox" id="flapnav-checkbox"/>
  <div class="side-template__head-section">            <div id="data-bandeau" class="plp-hero" >

  <div class="plp-hero__bg">
      <picture>
          <source srcset="https://static-cms.carrefour.fr/sites/default/files/2020-02/2880x360-ban-plp-alcools.jpg?itok=yWffXxVM">
          <source srcset="https://static-cms.carrefour.fr/sites/default/files/2020-02/2880x360-ban-plp-alcools.jpg?itok=yWffXxVM" media="(min-width: 768px)">
      <img
      src="https://static-cms.carrefour.fr/sites/default/files/2020-02/2880x360-ban-plp-alcools.jpg?itok=yWffXxVM"         alt=""
  class="image"
/>
    </picture>
    </div>

  
    <div class="plp-hero__content">
      
              

      

<h1 class="ds-title ds-title--l ds-title--bright">
  Cave à vins
</h1>
                    

  

<div class="ds-body-text ds-body-text--color-inherit">
      
  </div>
      
    </div>


</div>
        
  
                
    
  
<nav id="data-filariane" aria-label="Breadcrumb" class="breadcrumb-trail">
  <ol class="breadcrumb-trail__list">
                  <li class="breadcrumb-trail__item">
          <a href="https://www.carrefour.fr/"
            class="breadcrumb-trail__link breadcrumb-trail__link--homepage"
            >
            <span>Accueil</span>
          </a>
        </li>
                        <li class="breadcrumb-trail__item">
          <a href="https://www.carrefour.fr/r"
            class="breadcrumb-trail__link"
            >
            <span>Rayons</span>
          </a>
        </li>
                        <li class="breadcrumb-trail__item">
          <a href="/r/boissons"
            class="breadcrumb-trail__link"
            >
            <span>Boissons</span>
          </a>
        </li>
                        <li class="breadcrumb-trail__item">
          <a href="/r/boissons/cave-a-vins"
            class="breadcrumb-trail__link"
            aria-current="page">
            <span>Cave à vins</span>
          </a>
        </li>
          
      </ol>
</nav>

<script type="application/ld+json">
{
  "@context":"http://schema.org",
  "@type":"BreadcrumbList",
  "itemListElement":[
          {
        "@type":"ListItem",
        "position":1,
        "item":{
          "@id":"https://www.carrefour.frhttps://www.carrefour.fr/",
          "name":"Accueil"
        }
      },           {
        "@type":"ListItem",
        "position":2,
        "item":{
          "@id":"https://www.carrefour.frhttps://www.carrefour.fr/r",
          "name":"Rayons"
        }
      },           {
        "@type":"ListItem",
        "position":3,
        "item":{
          "@id":"https://www.carrefour.fr/r/boissons",
          "name":"Boissons"
        }
      },           {
        "@type":"ListItem",
        "position":4,
        "item":{
          "@id":"https://www.carrefour.fr/r/boissons/cave-a-vins",
          "name":"Cave à vins"
        }
      }      ]
}
</script>
          <a id="data-plp_retour" class="plp-nav__link plp-nav__link--back-button" href="/r/boissons">
        

<script type="application/javascript" defer>
  setTimeout(() => {
    window.ONECF.sprites && window.ONECF.sprites.checkOrFetchDefs({
      prefix: "i",
      source: null,
      isLoaded: false
    })
  }, 0)
</script>

  <svg class="svg-icon svg-icon--color-interactive-1 svg-icon--m " aria-hidden="true">
    <use xlink:href="#i07" />
  </svg>
        Retour
      </a>
                    

<div
  is="plp-nav"
  id="data-tags-sous-rayons"
  class="plp-nav"
  :navigation-tree="[{&quot;name&quot;:&quot;Promotions&quot;,&quot;code&quot;:&quot;promotions&quot;,&quot;id&quot;:&quot;promotions&quot;,&quot;type&quot;:&quot;RAYON&quot;,&quot;picto&quot;:null,&quot;level&quot;:1,&quot;sellerId&quot;:null,&quot;slug&quot;:&quot;&quot;,&quot;selected&quot;:false,&quot;children&quot;:[{&quot;name&quot;:&quot;D\u00e9stockage Jouets&quot;,&quot;code&quot;:&quot;currentevent0&quot;,&quot;id&quot;:&quot;currentevent0&quot;,&quot;type&quot;:&quot;RAYON&quot;,&quot;picto&quot;:&quot;https:\/\/static-cms.carrefour.fr\/sites\/default\/files\/2020-12\/destockage-jouets-s53-mobile_580x290.jpg?itok=lpVdLKPA&quot;,&quot;level&quot;:1,&quot;sellerId&quot;:null,&quot;slug&quot;:&quot;&quot;,&quot;selected&quot;:false,&quot;target&quot;:&quot;_blank&quot;,&quot;children&quot;:null,&quot;link&quot;:&quot;https:\/\/jouetsdenoel.carrefour.fr&quot;},{&quot;name&quot;:&quot;Le blanc&quot;,&quot;code&quot;:&quot;currentevent1&quot;,&quot;id&quot;:&quot;currentevent1&quot;,&quot;type&quot;:&quot;RAYON&quot;,&quot;picto&quot;:&quot;https:\/\/static-cms.carrefour.fr\/sites\/default\/files\/2020-10\/services-gtf-desktop_1380x690_5.jpg?itok=gFna26qn&quot;,&quot;level&quot;:1,&quot;sellerId&quot;:null,&quot;slug&quot;:&quot;&quot;,&quot;selected&quot;:false,&quot;children&quot;:null,&quot;link&quot;:&quot;\/evenements\/le-blanc&quot;},{&quot;name&quot;:&quot;Epiphanie &quot;,&quot;code&quot;:&quot;currentevent2&quot;,&quot;id&quot;:&quot;currentevent2&quot;,&quot;type&quot;:&quot;RAYON&quot;,&quot;picto&quot;:&quot;https:\/\/static-cms.carrefour.fr\/sites\/default\/files\/2021-01\/viva-italia-pastille_nav_2019_2.jpg?itok=tb8HyvSA&quot;,&quot;level&quot;:1,&quot;sellerId&quot;:null,&quot;slug&quot;:&quot;&quot;,&quot;selected&quot;:false,&quot;children&quot;:null,&quot;link&quot;:&quot;https:\/\/www.carrefour.fr\/evenements\/epiphanie&quot;},{&quot;name&quot;:&quot;Surgel\u00e9s&quot;,&quot;code&quot;:&quot;currentevent3&quot;,&quot;id&quot;:&quot;currentevent3&quot;,&quot;type&quot;:&quot;RAYON&quot;,&quot;picto&quot;:&quot;https:\/\/static-cms.carrefour.fr\/sites\/default\/files\/2021-01\/viva-italia-pastille_nav_2019.jpg?itok=-5HjGYeP&quot;,&quot;level&quot;:1,&quot;sellerId&quot;:null,&quot;slug&quot;:&quot;&quot;,&quot;selected&quot;:false,&quot;children&quot;:null,&quot;link&quot;:&quot;\/boutique\/surgeles&quot;},{&quot;name&quot;:&quot;Sp\u00e9cial boucherie&quot;,&quot;code&quot;:&quot;currentevent4&quot;,&quot;id&quot;:&quot;currentevent4&quot;,&quot;type&quot;:&quot;RAYON&quot;,&quot;picto&quot;:&quot;https:\/\/static-cms.carrefour.fr\/sites\/default\/files\/2021-01\/viva-italia-pastille_nav_2019_3.jpg?itok=YG0oASBS&quot;,&quot;level&quot;:1,&quot;sellerId&quot;:null,&quot;slug&quot;:&quot;&quot;,&quot;selected&quot;:false,&quot;children&quot;:null,&quot;link&quot;:&quot;\/boutique\/foire-a-la-viande&quot;},{&quot;name&quot;:&quot;Maxi format, Mini prix&quot;,&quot;code&quot;:&quot;currentevent5&quot;,&quot;id&quot;:&quot;currentevent5&quot;,&quot;type&quot;:&quot;RAYON&quot;,&quot;picto&quot;:&quot;https:\/\/static-cms.carrefour.fr\/sites\/default\/files\/2021-01\/viva-italia-pastille_nav_2019_0.jpg?itok=TEhTv8iC&quot;,&quot;level&quot;:1,&quot;sellerId&quot;:null,&quot;slug&quot;:&quot;&quot;,&quot;selected&quot;:false,&quot;children&quot;:null,&quot;link&quot;:&quot;\/evenements\/formats-eco&quot;},{&quot;name&quot;:&quot;Bons plans High Tech&quot;,&quot;code&quot;:&quot;currentevent6&quot;,&quot;id&quot;:&quot;currentevent6&quot;,&quot;type&quot;:&quot;RAYON&quot;,&quot;picto&quot;:&quot;https:\/\/static-cms.carrefour.fr\/sites\/default\/files\/2020-10\/2020-07-20.jpg?itok=cFKjkj_a&quot;,&quot;level&quot;:1,&quot;sellerId&quot;:null,&quot;slug&quot;:&quot;&quot;,&quot;selected&quot;:false,&quot;children&quot;:null,&quot;link&quot;:&quot;\/edito\/high-tech-maison-loisirs&quot;}],&quot;panel&quot;:{&quot;code&quot;:&quot;catalogues&quot;,&quot;name&quot;:&quot;Catalogues&quot;,&quot;children&quot;:{&quot;catalogues_25543&quot;:{&quot;code&quot;:&quot;catalogues_25543&quot;,&quot;link&quot;:&quot;\/catalogue\/carrefour\/hypermarche-5604_000_2021-LJI090ou&quot;,&quot;image&quot;:&quot;https:\/\/medias-prod2-carrefour.e-catalogues.pro\/images\/150e\/25543\/cover.jpg&quot;,&quot;startDate&quot;:&quot;2021-01-19T12:00:00&quot;,&quot;endDate&quot;:&quot;2021-01-31T23:59:00&quot;,&quot;name&quot;:&quot;Manger Sain Janvier&quot;},&quot;catalogues_25460&quot;:{&quot;code&quot;:&quot;catalogues_25460&quot;,&quot;link&quot;:&quot;\/catalogue\/carrefour\/hypermarche-5690_000_2021-PaRA09lo&quot;,&quot;image&quot;:&quot;https:\/\/medias-prod2-carrefour.e-catalogues.pro\/images\/150e\/25460\/cover.jpg&quot;,&quot;startDate&quot;:&quot;2021-01-04T12:00:00&quot;,&quot;endDate&quot;:&quot;2021-02-02T23:59:00&quot;,&quot;name&quot;:&quot;Ma Parapharmacie&quot;},&quot;catalogues_25470&quot;:{&quot;code&quot;:&quot;catalogues_25470&quot;,&quot;link&quot;:&quot;\/catalogue\/carrefour\/hypermarche-Beaute1-5610_000_2021-Bhdgbhv7&quot;,&quot;image&quot;:&quot;https:\/\/medias-prod2-carrefour.e-catalogues.pro\/images\/150e\/25470\/cover.jpg&quot;,&quot;startDate&quot;:&quot;2021-01-05T12:00:00&quot;,&quot;endDate&quot;:&quot;2021-01-18T23:59:00&quot;,&quot;name&quot;:&quot;VOTRE QUOTIDIEN BEAUTE - Routines bio et naturelles&quot;},&quot;catalogues_26544&quot;:{&quot;code&quot;:&quot;catalogues_26544&quot;,&quot;link&quot;:&quot;\/catalogue\/carrefour\/hypermarche-RENFORTMDC-5660_000_2021-TezYT83j&quot;,&quot;image&quot;:&quot;https:\/\/medias-prod2-carrefour.e-catalogues.pro\/images\/150e\/26544\/cover.jpg&quot;,&quot;startDate&quot;:&quot;2021-01-05T12:00:00&quot;,&quot;endDate&quot;:&quot;2021-01-12T23:59:00&quot;,&quot;name&quot;:&quot;LES JOURS TOTALEMENT CARROUF-Le meilleur des marques Carrefour \u00e0 petit prix&quot;}},&quot;link&quot;:&quot;\/catalogue&quot;},&quot;link&quot;:&quot;\/promotions&quot;},{&quot;name&quot;:&quot;Nos vendeurs partenaires&quot;,&quot;code&quot;:&quot;R01&quot;,&quot;id&quot;:&quot;27992&quot;,&quot;type&quot;:&quot;RAYON&quot;,&quot;picto&quot;:&quot;https:\/\/media.carrefour.fr\/medias\/a78dec5265fc391ab993a6646d34a331\/p_96x96\/27992.jpg&quot;,&quot;level&quot;:1,&quot;sellerId&quot;:null,&quot;slug&quot;:&quot;vendeurs-partenaires-carrefour&quot;,&quot;selected&quot;:false,&quot;children&quot;:[{&quot;name&quot;:&quot;Made in France&quot;,&quot;code&quot;:&quot;R01F02&quot;,&quot;id&quot;:&quot;29196&quot;,&quot;type&quot;:&quot;RAYON&quot;,&quot;picto&quot;:null,&quot;level&quot;:2,&quot;sellerId&quot;:null,&quot;slug&quot;:&quot;made-in-france&quot;,&quot;selected&quot;:false,&quot;children&quot;:[{&quot;name&quot;:&quot;\u00c9picerie sal\u00e9e &quot;,&quot;code&quot;:&quot;R01F02SF01&quot;,&quot;id&quot;:&quot;29197&quot;,&quot;type&quot;:&quot;RAYON&quot;,&quot;picto&quot;:null,&quot;level&quot;:3,&quot;sellerId&quot;:null,&quot;slug&quot;:&quot;epicerie-salee&quot;,&quot;selected&quot;:false,&quot;children&quot;:null,&quot;layers&quot;:&quot;\/navigation\/29197\/layers&quot;,&quot;link&quot;:&quot;\/r\/vendeurs-partenaires-carrefour\/made-in-france\/epicerie-salee&quot;},{&quot;name&quot;:&quot;\u00c9picerie sucr\u00e9e&quot;,&quot;code&quot;:&quot;R01F02SF02&quot;,&quot;id&quot;:&quot;29198&quot;,&quot;type&quot;:&quot;RAYON&quot;,&quot;picto&quot;:null,&quot;level&quot;:3,&quot;sellerId&quot;:null,&quot;slug&quot;:&quot;epicerie-sucree&quot;,&quot;selected&quot;:false,&quot;children&quot;:null,&quot;layers&quot;:&quot;\/navigation\/29198\/layers&quot;,&quot;link&quot;:&quot;\/r\/vendeurs-partenaires-carrefour\/made-in-france\/epicerie-sucree&quot;},{&quot;name&quot;:&quot;Viandes &amp; Poissons&quot;,&quot;code&quot;:&quot;R01F02SF03&quot;,&quot;id&quot;:&quot;29199&quot;,&quot;type&quot;:&quot;RAYON&quot;,&quot;picto&quot;:null,&quot;level&quot;:3,&quot;sellerId&quot;:null,&quot;slug&quot;:&quot;viandes-poissons&quot;,&quot;selected&quot;:false,&quot;children&quot;:null,&quot;layers&quot;:&quot;\/navigation\/29199\/layers&quot;,&quot;link&quot;:&quot;\/r\/vendeurs-partenaires-carrefour\/made-in-france\/viandes-poissons&quot;},{&quot;name&quot;:&quot;Surgel\u00e9s&quot;,&quot;code&quot;:&quot;R01F02SF04&quot;,&quot;id&quot;:&quot;29200&quot;,&quot;type&quot;:&quot;RAYON&quot;,&quot;picto&quot;:null,&quot;level&quot;:3,&quot;sellerId&quot;:null,&quot;slug&quot;:&quot;surgeles&quot;,&quot;selected&quot;:false,&quot;children&quot;:null,&quot;layers&quot;:&quot;\/navigation\/29200\/layers&quot;,&quot;link&quot;:&quot;\/r\/vendeurs-partenaires-carrefour\/made-in-france\/surgeles&quot;},{&quot;name&quot;:&quot;Boissons&quot;,&quot;code&quot;:&quot;R01F02SF05&quot;,&quot;id&quot;:&quot;29201&quot;,&quot;type&quot;:&quot;RAYON&quot;,&quot;picto&quot;:null,&quot;level&quot;:3,&quot;sellerId&quot;:null,&quot;slug&quot;:&quot;boissons&quot;,&quot;selected&quot;:false,&quot;children&quot;:null,&quot;layers&quot;:&quot;\/navigation\/29201\/layers&quot;,&quot;link&quot;:&quot;\/r\/vendeurs-partenaires-carrefour\/made-in-france\/boissons&quot;},{&quot;name&quot;:&quot;Produits Frais&quot;,&quot;code&quot;:&quot;R01F02SF06&quot;,&quot;id&quot;:&quot;29202&quot;,&quot;type&quot;:&quot;RAYON&quot;,&quot;picto&quot;:null,&quot;level&quot;:3,&quot;sellerId&quot;:null,&quot;slug&quot;:&quot;produits-frais&quot;,&quot;selected&quot;:false,&quot;children&quot;:null,&quot;layers&quot;:&quot;\/navigation\/29202\/layers&quot;,&quot;link&quot;:&quot;\/r\/vendeurs-partenaires-carrefour\/made-in-france\/produits-frais&quot;},{&quot;name&quot;:&quot;Fruits &amp; L\u00e9gumes&quot;,&quot;code&quot;:&quot;R01F02SF07&quot;,&quot;id&quot;:&quot;29203&quot;,&quot;type&quot;:&quot;RAYON&quot;,&quot;picto&quot;:null,&quot;level&quot;:3,&quot;sellerId&quot;:null,&quot;slug&quot;:&quot;fruits-legumes&quot;,&quot;selected&quot;:false,&quot;children&quot;:null,&quot;layers&quot;:&quot;\/navigation\/29203\/layers&quot;,&quot;link&quot;:&quot;\/r\/vendeurs-partenaires-carrefour\/made-in-france\/fruits-legumes&quot;},{&quot;name&quot;:&quot;Hygi\u00e8ne et Beaut\u00e9&quot;,&quot;code&quot;:&quot;R01F02SF08&quot;,&quot;id&quot;:&quot;29204&quot;,&quot;type&quot;:&quot;RAYON&quot;,&quot;picto&quot;:null,&quot;level&quot;:3,&quot;sellerId&quot;:null,&quot;slug&quot;:&quot;hygiene-beaute&quot;,&quot;selected&quot;:false,&quot;children&quot;:null,&quot;layers&quot;:&quot;\/navigation\/29204\/layers&quot;,&quot;link&quot;:&quot;\/r\/vendeurs-partenaires-carrefour\/made-in-france\/hygiene-beaute&quot;}],&quot;layers&quot;:&quot;\/navigation\/29196\/layers&quot;,&quot;link&quot;:&quot;\/r\/vendeurs-partenaires-carrefour\/made-in-france&quot;},{&quot;name&quot;:&quot;Protection et Hygi\u00e8ne Covid &quot;,&quot;code&quot;:&quot;R01F03&quot;,&quot;id&quot;:&quot;27993&quot;,&quot;type&quot;:&quot;RAYON&quot;,&quot;picto&quot;:null,&quot;level&quot;:2,&quot;sellerId&quot;:null,&quot;slug&quot;:&quot;protection-hygiene-covid&quot;,&quot;selected&quot;:false,&quot;children&quot;:[{&quot;name&quot;:&quot;El place &quot;,&quot;code&quot;:&quot;R01F03SF01&quot;,&quot;id&quot;:&quot;27994&quot;,&quot;type&quot;:&quot;MARKETPLACE&quot;,&quot;picto&quot;:null,&quot;level&quot;:3,&quot;sellerId&quot;:&quot;2064&quot;,&quot;slug&quot;:&quot;el-place&quot;,&quot;selected&quot;:false,&quot;children&quot;:null,&quot;layers&quot;:&quot;\/navigation\/27994\/layers&quot;,&quot;link&quot;:&quot;\/v\/2064&quot;},{&quot;name&quot;:&quot;FFP2 io&quot;,&quot;code&quot;:&quot;R01F03SF03&quot;,&quot;id&quot;:&quot;28074&quot;,&quot;type&quot;:&quot;MARKETPLACE&quot;,&quot;picto&quot;:null,&quot;level&quot;:3,&quot;sellerId&quot;:&quot;2125&quot;,&quot;slug&quot;:&quot;ffp2-io&quot;,&quot;selected&quot;:false,&quot;children&quot;:null,&quot;layers&quot;:&quot;\/navigation\/28074\/layers&quot;,&quot;link&quot;:&quot;\/v\/2125&quot;},{&quot;name&quot;:&quot;AtSant\u00e9&quot;,&quot;code&quot;:&quot;R01F03SF06&quot;,&quot;id&quot;:&quot;28619&quot;,&quot;type&quot;:&quot;MARKETPLACE&quot;,&quot;picto&quot;:null,&quot;level&quot;:3,&quot;sellerId&quot;:&quot;2169&quot;,&quot;slug&quot;:&quot;atsante&quot;,&quot;selected&quot;:false,&quot;children&quot;:null,&quot;layers&quot;:&quot;\/navigation\/28619\/layers&quot;,&quot;link&quot;:&quot;\/v\/2169&quot;}],&quot;layers&quot;:&quot;\/navigation\/27993\/layers&quot;,&quot;link&quot;:&quot;\/r\/vendeurs-partenaires-carrefour\/protection-hygiene-covid&quot;},{&quot;name&quot;:&quot;Beaut\u00e9 &amp; Soins&quot;,&quot;code&quot;:&quot;R01F05&quot;,&quot;id&quot;:&quot;28090&quot;,&quot;type&quot;:&quot;RAYON&quot;,&quot;picto&quot;:null,&quot;level&quot;:2,&quot;sellerId&quot;:null,&quot;slug&quot;:&quot;routine-soin-de-la-rentree&quot;,&quot;selected&quot;:false,&quot;children&quot;:[{&quot;name&quot;:&quot;Cosme-chic&quot;,&quot;code&quot;:&quot;R01F04SF01&quot;,&quot;id&quot;:&quot;28091&quot;,&quot;type&quot;:&quot;MARKETPLACE&quot;,&quot;picto&quot;:null,&quot;level&quot;:3,&quot;sellerId&quot;:&quot;2038&quot;,&quot;slug&quot;:&quot;cosme-chic&quot;,&quot;selected&quot;:false,&quot;children&quot;:null,&quot;layers&quot;:&quot;\/navigation\/28091\/layers&quot;,&quot;link&quot;:&quot;\/v\/2038&quot;},{&quot;name&quot;:&quot;Univers Beauty&quot;,&quot;code&quot;:&quot;R01F05SF02&quot;,&quot;id&quot;:&quot;28639&quot;,&quot;type&quot;:&quot;MARKETPLACE&quot;,&quot;picto&quot;:null,&quot;level&quot;:3,&quot;sellerId&quot;:&quot;2052&quot;,&quot;slug&quot;:&quot;univers-beauty&quot;,&quot;selected&quot;:false,&quot;children&quot;:null,&quot;layers&quot;:&quot;\/navigation\/28639\/layers&quot;,&quot;link&quot;:&quot;\/v\/2052&quot;},{&quot;name&quot;:&quot;Peaulette&quot;,&quot;code&quot;:&quot;R01F04SF04&quot;,&quot;id&quot;:&quot;28094&quot;,&quot;type&quot;:&quot;MARKETPLACE&quot;,&quot;picto&quot;:null,&quot;level&quot;:3,&quot;sellerId&quot;:&quot;2123&quot;,&quot;slug&quot;:&quot;peaulette&quot;,&quot;selected&quot;:false,&quot;children&quot;:null,&quot;layers&quot;:&quot;\/navigation\/28094\/layers&quot;,&quot;link&quot;:&quot;\/v\/2123&quot;},{&quot;name&quot;:&quot;HairStore&quot;,&quot;code&quot;:&quot;R01F04SF05&quot;,&quot;id&quot;:&quot;28095&quot;,&quot;type&quot;:&quot;MARKETPLACE&quot;,&quot;picto&quot;:null,&quot;level&quot;:3,&quot;sellerId&quot;:&quot;2106&quot;,&quot;slug&quot;:&quot;hair-store&quot;,&quot;selected&quot;:false,&quot;children&quot;:null,&quot;layers&quot;:&quot;\/navigation\/28095\/layers&quot;,&quot;link&quot;:&quot;\/v\/2106&quot;},{&quot;name&quot;:&quot;Jolivia&quot;,&quot;code&quot;:&quot;R01F04SF06&quot;,&quot;id&quot;:&quot;28096&quot;,&quot;type&quot;:&quot;MARKETPLACE&quot;,&quot;picto&quot;:null,&quot;level&quot;:3,&quot;sellerId&quot;:&quot;2135&quot;,&quot;slug&quot;:&quot;jolivia&quot;,&quot;selected&quot;:false,&quot;children&quot;:null,&quot;layers&quot;:&quot;\/navigation\/28096\/layers&quot;,&quot;link&quot;:&quot;\/v\/2135&quot;},{&quot;name&quot;:&quot;Ceiba Shop&quot;,&quot;code&quot;:&quot;R01F04SF07&quot;,&quot;id&quot;:&quot;28097&quot;,&quot;type&quot;:&quot;MARKETPLACE&quot;,&quot;picto&quot;:null,&quot;level&quot;:3,&quot;sellerId&quot;:&quot;2033&quot;,&quot;slug&quot;:&quot;ceiba-shop&quot;,&quot;selected&quot;:false,&quot;children&quot;:null,&quot;layers&quot;:&quot;\/navigation\/28097\/layers&quot;,&quot;link&quot;:&quot;\/v\/2033&quot;},{&quot;name&quot;:&quot;Nutrimea &amp; Plastimea&quot;,&quot;code&quot;:&quot;R01F04SF08&quot;,&quot;id&quot;:&quot;28098&quot;,&quot;type&quot;:&quot;MARKETPLACE&quot;,&quot;picto&quot;:null,&quot;level&quot;:3,&quot;sellerId&quot;:&quot;2083&quot;,&quot;slug&quot;:&quot;nutrimea-plastimea&quot;,&quot;selected&quot;:false,&quot;children&quot;:null,&quot;layers&quot;:&quot;\/navigation\/28098\/layers&quot;,&quot;link&quot;:&quot;\/v\/2083&quot;},{&quot;name&quot;:&quot;Beaute price&quot;,&quot;code&quot;:&quot;R01F04SF09&quot;,&quot;id&quot;:&quot;28099&quot;,&quot;type&quot;:&quot;MARKETPLACE&quot;,&quot;picto&quot;:null,&quot;level&quot;:3,&quot;sellerId&quot;:&quot;2120&quot;,&quot;slug&quot;:&quot;beaute-price&quot;,&quot;selected&quot;:false,&quot;children&quot;:null,&quot;layers&quot;:&quot;\/navigation\/28099\/layers&quot;,&quot;link&quot;:&quot;\/v\/2120&quot;},{&quot;name&quot;:&quot;Acticoco&quot;,&quot;code&quot;:&quot;R01F04SF10&quot;,&quot;id&quot;:&quot;28101&quot;,&quot;type&quot;:&quot;MARKETPLACE&quot;,&quot;picto&quot;:null,&quot;level&quot;:3,&quot;sellerId&quot;:&quot;2113&quot;,&quot;slug&quot;:&quot;acticoco&quot;,&quot;selected&quot;:false,&quot;children&quot;:null,&quot;layers&quot;:&quot;\/navigation\/28101\/layers&quot;,&quot;link&quot;:&quot;\/v\/2113&quot;},{&quot;name&quot;:&quot;Jolie Francaise&quot;,&quot;code&quot;:&quot;R01F04SF11&quot;,&quot;id&quot;:&quot;28102&quot;,&quot;type&quot;:&quot;MARKETPLACE&quot;,&quot;picto&quot;:null,&quot;level&quot;:3,&quot;sellerId&quot;:&quot;2079&quot;,&quot;slug&quot;:&quot;jolie-francaise&quot;,&quot;selected&quot;:false,&quot;children&quot;:null,&quot;layers&quot;:&quot;\/navigation\/28102\/layers&quot;,&quot;link&quot;:&quot;\/v\/2079&quot;},{&quot;name&quot;:&quot;Laurik&quot;,&quot;code&quot;:&quot;R01F04SF12&quot;,&quot;id&quot;:&quot;28103&quot;,&quot;type&quot;:&quot;MARKETPLACE&quot;,&quot;picto&quot;:null,&quot;level&quot;:3,&quot;sellerId&quot;:&quot;2024&quot;,&quot;slug&quot;:&quot;laurik&quot;,&quot;selected&quot;:false,&quot;children&quot;:null,&quot;layers&quot;:&quot;\/navigation\/28103\/layers&quot;,&quot;link&quot;:&quot;\/v\/2024&quot;},{&quot;name&quot;:&quot;Colorisi&quot;,&quot;code&quot;:&quot;R01F04SF13&quot;,&quot;id&quot;:&quot;28598&quot;,&quot;type&quot;:&quot;MARKETPLACE&quot;,&quot;picto&quot;:null,&quot;level&quot;:3,&quot;sellerId&quot;:&quot;2094&quot;,&quot;slug&quot;:&quot;colorisi&quot;,&quot;selected&quot;:false,&quot;children&quot;:null,&quot;layers&quot;:&quot;\/navigation\/28598\/layers&quot;,&quot;link&quot;:&quot;\/v\/2094&quot;}],&quot;layers&quot;:&quot;\/navigation\/28090\/layers&quot;,&quot;link&quot;:&quot;\/r\/vendeurs-partenaires-carrefour\/routine-soin-de-la-rentree&quot;},{&quot;name&quot;:&quot;Le coin des enfants&quot;,&quot;code&quot;:&quot;R01F05&quot;,&quot;id&quot;:&quot;28104&quot;,&quot;type&quot;:&quot;RAYON&quot;,&quot;picto&quot;:null,&quot;level&quot;:2,&quot;sellerId&quot;:null,&quot;slug&quot;:&quot;le-coin-des-enfants&quot;,&quot;selected&quot;:false,&quot;children&quot;:[{&quot;name&quot;:&quot;Home&amp;Family&quot;,&quot;code&quot;:&quot;R01F05SF01&quot;,&quot;id&quot;:&quot;28105&quot;,&quot;type&quot;:&quot;MARKETPLACE&quot;,&quot;picto&quot;:null,&quot;level&quot;:3,&quot;sellerId&quot;:&quot;2059&quot;,&quot;slug&quot;:&quot;home-family&quot;,&quot;selected&quot;:false,&quot;children&quot;:null,&quot;layers&quot;:&quot;\/navigation\/28105\/layers&quot;,&quot;link&quot;:&quot;\/v\/2059&quot;},{&quot;name&quot;:&quot;Les D\u00e9lices de No\u00e9mie&quot;,&quot;code&quot;:&quot;R01F05SF02&quot;,&quot;id&quot;:&quot;28106&quot;,&quot;type&quot;:&quot;MARKETPLACE&quot;,&quot;picto&quot;:null,&quot;level&quot;:3,&quot;sellerId&quot;:&quot;2086&quot;,&quot;slug&quot;:&quot;les-delices-de-noemie&quot;,&quot;selected&quot;:false,&quot;children&quot;:null,&quot;layers&quot;:&quot;\/navigation\/28106\/layers&quot;,&quot;link&quot;:&quot;\/v\/2086&quot;},{&quot;name&quot;:&quot;Matatie&quot;,&quot;code&quot;:&quot;R01F05SF03&quot;,&quot;id&quot;:&quot;28107&quot;,&quot;type&quot;:&quot;MARKETPLACE&quot;,&quot;picto&quot;:null,&quot;level&quot;:3,&quot;sellerId&quot;:&quot;2102&quot;,&quot;slug&quot;:&quot;matatie&quot;,&quot;selected&quot;:false,&quot;children&quot;:null,&quot;layers&quot;:&quot;\/navigation\/28107\/layers&quot;,&quot;link&quot;:&quot;\/v\/2102&quot;},{&quot;name&quot;:&quot;Kricri Nature&quot;,&quot;code&quot;:&quot;R01F05SF05&quot;,&quot;id&quot;:&quot;28125&quot;,&quot;type&quot;:&quot;MARKETPLACE&quot;,&quot;picto&quot;:null,&quot;level&quot;:3,&quot;sellerId&quot;:&quot;2005&quot;,&quot;slug&quot;:&quot;kricri-nature&quot;,&quot;selected&quot;:false,&quot;children&quot;:null,&quot;layers&quot;:&quot;\/navigation\/28125\/layers&quot;,&quot;link&quot;:&quot;\/v\/2005&quot;}],&quot;layers&quot;:&quot;\/navigation\/28104\/layers&quot;,&quot;link&quot;:&quot;\/r\/vendeurs-partenaires-carrefour\/le-coin-des-enfants&quot;},{&quot;name&quot;:&quot;Bio &amp; Sain&quot;,&quot;code&quot;:&quot;R01F06&quot;,&quot;id&quot;:&quot;28110&quot;,&quot;type&quot;:&quot;RAYON&quot;,&quot;picto&quot;:null,&quot;level&quot;:2,&quot;sellerId&quot;:null,&quot;slug&quot;:&quot;bio-et-gourmand&quot;,&quot;selected&quot;:false,&quot;children&quot;:[{&quot;name&quot;:&quot;Paranatura&quot;,&quot;code&quot;:&quot;R01F06SF01&quot;,&quot;id&quot;:&quot;28111&quot;,&quot;type&quot;:&quot;MARKETPLACE&quot;,&quot;picto&quot;:null,&quot;level&quot;:3,&quot;sellerId&quot;:&quot;2081&quot;,&quot;slug&quot;:&quot;paranatura&quot;,&quot;selected&quot;:false,&quot;children&quot;:null,&quot;layers&quot;:&quot;\/navigation\/28111\/layers&quot;,&quot;link&quot;:&quot;\/v\/2081&quot;},{&quot;name&quot;:&quot;Les fabuleuses&quot;,&quot;code&quot;:&quot;R01F06SF02&quot;,&quot;id&quot;:&quot;28600&quot;,&quot;type&quot;:&quot;MARKETPLACE&quot;,&quot;picto&quot;:null,&quot;level&quot;:3,&quot;sellerId&quot;:&quot;2043&quot;,&quot;slug&quot;:&quot;les-fabuleuses&quot;,&quot;selected&quot;:false,&quot;children&quot;:null,&quot;layers&quot;:&quot;\/navigation\/28600\/layers&quot;,&quot;link&quot;:&quot;\/v\/2043&quot;},{&quot;name&quot;:&quot;Hecosfair&quot;,&quot;code&quot;:&quot;R01F06SF03&quot;,&quot;id&quot;:&quot;28601&quot;,&quot;type&quot;:&quot;MARKETPLACE&quot;,&quot;picto&quot;:null,&quot;level&quot;:3,&quot;sellerId&quot;:&quot;2131&quot;,&quot;slug&quot;:&quot;hecosfair&quot;,&quot;selected&quot;:false,&quot;children&quot;:null,&quot;layers&quot;:&quot;\/navigation\/28601\/layers&quot;,&quot;link&quot;:&quot;\/v\/2131&quot;},{&quot;name&quot;:&quot;Secrets D\u00e9lices&quot;,&quot;code&quot;:&quot;R01F06SF04&quot;,&quot;id&quot;:&quot;28602&quot;,&quot;type&quot;:&quot;MARKETPLACE&quot;,&quot;picto&quot;:null,&quot;level&quot;:3,&quot;sellerId&quot;:&quot;2049&quot;,&quot;slug&quot;:&quot;secrets-delices&quot;,&quot;selected&quot;:false,&quot;children&quot;:null,&quot;layers&quot;:&quot;\/navigation\/28602\/layers&quot;,&quot;link&quot;:&quot;\/v\/2049&quot;},{&quot;name&quot;:&quot;Rue des plantes&quot;,&quot;code&quot;:&quot;R01F06SF05&quot;,&quot;id&quot;:&quot;28603&quot;,&quot;type&quot;:&quot;MARKETPLACE&quot;,&quot;picto&quot;:null,&quot;level&quot;:3,&quot;sellerId&quot;:&quot;2151&quot;,&quot;slug&quot;:&quot;rue-plantes&quot;,&quot;selected&quot;:false,&quot;children&quot;:null,&quot;layers&quot;:&quot;\/navigation\/28603\/layers&quot;,&quot;link&quot;:&quot;\/v\/2151&quot;},{&quot;name&quot;:&quot;Kusmi Tea&quot;,&quot;code&quot;:&quot;R01F06SF06&quot;,&quot;id&quot;:&quot;28604&quot;,&quot;type&quot;:&quot;MARKETPLACE&quot;,&quot;picto&quot;:null,&quot;level&quot;:3,&quot;sellerId&quot;:&quot;2134&quot;,&quot;slug&quot;:&quot;kusmi-tea&quot;,&quot;selected&quot;:false,&quot;children&quot;:null,&quot;layers&quot;:&quot;\/navigation\/28604\/layers&quot;,&quot;link&quot;:&quot;\/v\/2134&quot;},{&quot;name&quot;:&quot;Caf\u00e9s Charles Danican&quot;,&quot;code&quot;:&quot;R01F06SF07&quot;,&quot;id&quot;:&quot;28605&quot;,&quot;type&quot;:&quot;MARKETPLACE&quot;,&quot;picto&quot;:null,&quot;level&quot;:3,&quot;sellerId&quot;:&quot;2114&quot;,&quot;slug&quot;:&quot;cafes-charles-danican&quot;,&quot;selected&quot;:false,&quot;children&quot;:null,&quot;layers&quot;:&quot;\/navigation\/28605\/layers&quot;,&quot;link&quot;:&quot;\/v\/2114&quot;},{&quot;name&quot;:&quot;Origeens&quot;,&quot;code&quot;:&quot;R01F06SF08&quot;,&quot;id&quot;:&quot;28635&quot;,&quot;type&quot;:&quot;MARKETPLACE&quot;,&quot;picto&quot;:null,&quot;level&quot;:3,&quot;sellerId&quot;:&quot;2048&quot;,&quot;slug&quot;:&quot;origeens&quot;,&quot;selected&quot;:false,&quot;children&quot;:null,&quot;layers&quot;:&quot;\/navigation\/28635\/layers&quot;,&quot;link&quot;:&quot;\/v\/2048&quot;},{&quot;name&quot;:&quot;Gout et Nature&quot;,&quot;code&quot;:&quot;R01F06SF09&quot;,&quot;id&quot;:&quot;28636&quot;,&quot;type&quot;:&quot;MARKETPLACE&quot;,&quot;picto&quot;:null,&quot;level&quot;:3,&quot;sellerId&quot;:&quot;2089&quot;,&quot;slug&quot;:&quot;gout-nature&quot;,&quot;selected&quot;:false,&quot;children&quot;:null,&quot;layers&quot;:&quot;\/navigation\/28636\/layers&quot;,&quot;link&quot;:&quot;\/v\/2089&quot;},{&quot;name&quot;:&quot;Moka - Meilleures Origines Kafe Arabica&quot;,&quot;code&quot;:&quot;R01F06SF10&quot;,&quot;id&quot;:&quot;28637&quot;,&quot;type&quot;:&quot;MARKETPLACE&quot;,&quot;picto&quot;:null,&quot;level&quot;:3,&quot;sellerId&quot;:&quot;2099&quot;,&quot;slug&quot;:&quot;moka&quot;,&quot;selected&quot;:false,&quot;children&quot;:null,&quot;layers&quot;:&quot;\/navigation\/28637\/layers&quot;,&quot;link&quot;:&quot;\/v\/2099&quot;},{&quot;name&quot;:&quot;La boutique du fruit sec&quot;,&quot;code&quot;:&quot;R01F06SF11&quot;,&quot;id&quot;:&quot;28682&quot;,&quot;type&quot;:&quot;MARKETPLACE&quot;,&quot;picto&quot;:null,&quot;level&quot;:3,&quot;sellerId&quot;:&quot;2103&quot;,&quot;slug&quot;:&quot;boutique-fruit-sec&quot;,&quot;selected&quot;:false,&quot;children&quot;:null,&quot;layers&quot;:&quot;\/navigation\/28682\/layers&quot;,&quot;link&quot;:&quot;\/v\/2103&quot;},{&quot;name&quot;:&quot;Mesth\u00e9s&quot;,&quot;code&quot;:&quot;R01F06SF12&quot;,&quot;id&quot;:&quot;28638&quot;,&quot;type&quot;:&quot;MARKETPLACE&quot;,&quot;picto&quot;:null,&quot;level&quot;:3,&quot;sellerId&quot;:&quot;2080&quot;,&quot;slug&quot;:&quot;mesthes&quot;,&quot;selected&quot;:false,&quot;children&quot;:null,&quot;layers&quot;:&quot;\/navigation\/28638\/layers&quot;,&quot;link&quot;:&quot;\/v\/2080&quot;},{&quot;name&quot;:&quot;Bio th\u00e9s du monde&quot;,&quot;code&quot;:&quot;R01F06SF13&quot;,&quot;id&quot;:&quot;29009&quot;,&quot;type&quot;:&quot;MARKETPLACE&quot;,&quot;picto&quot;:null,&quot;level&quot;:3,&quot;sellerId&quot;:&quot;2230&quot;,&quot;slug&quot;:&quot;bio-thes-du-monde&quot;,&quot;selected&quot;:false,&quot;children&quot;:null,&quot;layers&quot;:&quot;\/navigation\/29009\/layers&quot;,&quot;link&quot;:&quot;\/v\/2230&quot;}],&quot;layers&quot;:&quot;\/navigation\/28110\/layers&quot;,&quot;link&quot;:&quot;\/r\/vendeurs-partenaires-carrefour\/bio-et-gourmand&quot;},{&quot;name&quot;:&quot;Produits du monde&quot;,&quot;code&quot;:&quot;R01F07&quot;,&quot;id&quot;:&quot;28583&quot;,&quot;type&quot;:&quot;RAYON&quot;,&quot;picto&quot;:null,&quot;level&quot;:2,&quot;sellerId&quot;:null,&quot;slug&quot;:&quot;produits-du-monde&quot;,&quot;selected&quot;:false,&quot;children&quot;:[{&quot;name&quot;:&quot;Pankaj boutique indienne&quot;,&quot;code&quot;:&quot;R01F07SF01&quot;,&quot;id&quot;:&quot;28584&quot;,&quot;type&quot;:&quot;MARKETPLACE&quot;,&quot;picto&quot;:null,&quot;level&quot;:3,&quot;sellerId&quot;:&quot;2028&quot;,&quot;slug&quot;:&quot;pankaj&quot;,&quot;selected&quot;:false,&quot;children&quot;:null,&quot;layers&quot;:&quot;\/navigation\/28584\/layers&quot;,&quot;link&quot;:&quot;\/v\/2028&quot;},{&quot;name&quot;:&quot;Jason&#039;s Pantry&quot;,&quot;code&quot;:&quot;R01F07SF02&quot;,&quot;id&quot;:&quot;28585&quot;,&quot;type&quot;:&quot;MARKETPLACE&quot;,&quot;picto&quot;:null,&quot;level&quot;:3,&quot;sellerId&quot;:&quot;2126&quot;,&quot;slug&quot;:&quot;jason-pantry&quot;,&quot;selected&quot;:false,&quot;children&quot;:null,&quot;layers&quot;:&quot;\/navigation\/28585\/layers&quot;,&quot;link&quot;:&quot;\/v\/2126&quot;},{&quot;name&quot;:&quot;Middle East Market&quot;,&quot;code&quot;:&quot;R01F07SF03&quot;,&quot;id&quot;:&quot;28586&quot;,&quot;type&quot;:&quot;MARKETPLACE&quot;,&quot;picto&quot;:null,&quot;level&quot;:3,&quot;sellerId&quot;:&quot;2088&quot;,&quot;slug&quot;:&quot;middle-east-market&quot;,&quot;selected&quot;:false,&quot;children&quot;:null,&quot;layers&quot;:&quot;\/navigation\/28586\/layers&quot;,&quot;link&quot;:&quot;\/v\/2088&quot;},{&quot;name&quot;:&quot;Vanille de Madagascar&quot;,&quot;code&quot;:&quot;R01F07SF04&quot;,&quot;id&quot;:&quot;28628&quot;,&quot;type&quot;:&quot;MARKETPLACE&quot;,&quot;picto&quot;:null,&quot;level&quot;:3,&quot;sellerId&quot;:&quot;2097&quot;,&quot;slug&quot;:&quot;vanille-madagascar&quot;,&quot;selected&quot;:false,&quot;children&quot;:null,&quot;layers&quot;:&quot;\/navigation\/28628\/layers&quot;,&quot;link&quot;:&quot;\/v\/2097&quot;},{&quot;name&quot;:&quot;Bo Style&quot;,&quot;code&quot;:&quot;R01F07SF05&quot;,&quot;id&quot;:&quot;28587&quot;,&quot;type&quot;:&quot;MARKETPLACE&quot;,&quot;picto&quot;:null,&quot;level&quot;:3,&quot;sellerId&quot;:&quot;2076&quot;,&quot;slug&quot;:&quot;bo-style&quot;,&quot;selected&quot;:false,&quot;children&quot;:null,&quot;layers&quot;:&quot;\/navigation\/28587\/layers&quot;,&quot;link&quot;:&quot;\/v\/2076&quot;},{&quot;name&quot;:&quot;Le Comptoir canadien&quot;,&quot;code&quot;:&quot;R01F07SF06&quot;,&quot;id&quot;:&quot;28588&quot;,&quot;type&quot;:&quot;MARKETPLACE&quot;,&quot;picto&quot;:null,&quot;level&quot;:3,&quot;sellerId&quot;:&quot;2001&quot;,&quot;slug&quot;:&quot;le-comptoir-canadien&quot;,&quot;selected&quot;:false,&quot;children&quot;:null,&quot;layers&quot;:&quot;\/navigation\/28588\/layers&quot;,&quot;link&quot;:&quot;\/v\/2001&quot;},{&quot;name&quot;:&quot;Cacher moins cher&quot;,&quot;code&quot;:&quot;R01F07SF07&quot;,&quot;id&quot;:&quot;28996&quot;,&quot;type&quot;:&quot;MARKETPLACE&quot;,&quot;picto&quot;:null,&quot;level&quot;:3,&quot;sellerId&quot;:&quot;2186&quot;,&quot;slug&quot;:&quot;cacher-moins-cher&quot;,&quot;selected&quot;:false,&quot;children&quot;:null,&quot;layers&quot;:&quot;\/navigation\/28996\/layers&quot;,&quot;link&quot;:&quot;\/v\/2186&quot;},{&quot;name&quot;:&quot;Groskash&quot;,&quot;code&quot;:&quot;R01F07SF08&quot;,&quot;id&quot;:&quot;28999&quot;,&quot;type&quot;:&quot;MARKETPLACE&quot;,&quot;picto&quot;:null,&quot;level&quot;:3,&quot;sellerId&quot;:&quot;2176&quot;,&quot;slug&quot;:&quot;groskash&quot;,&quot;selected&quot;:false,&quot;children&quot;:null,&quot;layers&quot;:&quot;\/navigation\/28999\/layers&quot;,&quot;link&quot;:&quot;\/v\/2176&quot;},{&quot;name&quot;:&quot;GourmandisesHalal&quot;,&quot;code&quot;:&quot;R01F07SF09&quot;,&quot;id&quot;:&quot;29000&quot;,&quot;type&quot;:&quot;MARKETPLACE&quot;,&quot;picto&quot;:null,&quot;level&quot;:3,&quot;sellerId&quot;:&quot;2154&quot;,&quot;slug&quot;:&quot;gourmandiseshalal&quot;,&quot;selected&quot;:false,&quot;children&quot;:null,&quot;layers&quot;:&quot;\/navigation\/29000\/layers&quot;,&quot;link&quot;:&quot;\/v\/2154&quot;}],&quot;layers&quot;:&quot;\/navigation\/28583\/layers&quot;,&quot;link&quot;:&quot;\/r\/vendeurs-partenaires-carrefour\/produits-du-monde&quot;},{&quot;name&quot;:&quot;Les sp\u00e9cialistes de nos r\u00e9gions &quot;,&quot;code&quot;:&quot;R01F08&quot;,&quot;id&quot;:&quot;28082&quot;,&quot;type&quot;:&quot;RAYON&quot;,&quot;picto&quot;:null,&quot;level&quot;:2,&quot;sellerId&quot;:null,&quot;slug&quot;:&quot;les-specialistes-de-nos-regions&quot;,&quot;selected&quot;:false,&quot;children&quot;:[{&quot;name&quot;:&quot;Les Bouriettes&quot;,&quot;code&quot;:&quot;R01F08SF01&quot;,&quot;id&quot;:&quot;28581&quot;,&quot;type&quot;:&quot;MARKETPLACE&quot;,&quot;picto&quot;:null,&quot;level&quot;:3,&quot;sellerId&quot;:&quot;2029&quot;,&quot;slug&quot;:&quot;les-bouriettes&quot;,&quot;selected&quot;:false,&quot;children&quot;:null,&quot;layers&quot;:&quot;\/navigation\/28581\/layers&quot;,&quot;link&quot;:&quot;\/v\/2029&quot;},{&quot;name&quot;:&quot;Mon epicerie fine de Terroir&quot;,&quot;code&quot;:&quot;R01F08SF02&quot;,&quot;id&quot;:&quot;28084&quot;,&quot;type&quot;:&quot;MARKETPLACE&quot;,&quot;picto&quot;:null,&quot;level&quot;:3,&quot;sellerId&quot;:&quot;2026&quot;,&quot;slug&quot;:&quot;mon-epicerie-fine-de-terroir&quot;,&quot;selected&quot;:false,&quot;children&quot;:null,&quot;layers&quot;:&quot;\/navigation\/28084\/layers&quot;,&quot;link&quot;:&quot;\/v\/2026&quot;},{&quot;name&quot;:&quot;Charles Antona&quot;,&quot;code&quot;:&quot;R01F08SF03&quot;,&quot;id&quot;:&quot;28085&quot;,&quot;type&quot;:&quot;MARKETPLACE&quot;,&quot;picto&quot;:null,&quot;level&quot;:3,&quot;sellerId&quot;:&quot;2124&quot;,&quot;slug&quot;:&quot;charles-antona&quot;,&quot;selected&quot;:false,&quot;children&quot;:null,&quot;layers&quot;:&quot;\/navigation\/28085\/layers&quot;,&quot;link&quot;:&quot;\/v\/2124&quot;},{&quot;name&quot;:&quot;Esprit Foie Gras&quot;,&quot;code&quot;:&quot;R01F08SF04&quot;,&quot;id&quot;:&quot;28629&quot;,&quot;type&quot;:&quot;MARKETPLACE&quot;,&quot;picto&quot;:null,&quot;level&quot;:3,&quot;sellerId&quot;:&quot;2138&quot;,&quot;slug&quot;:&quot;esprit-foie-gras&quot;,&quot;selected&quot;:false,&quot;children&quot;:null,&quot;layers&quot;:&quot;\/navigation\/28629\/layers&quot;,&quot;link&quot;:&quot;\/v\/2138&quot;},{&quot;name&quot;:&quot;Made In France Box&quot;,&quot;code&quot;:&quot;R01F08SF06&quot;,&quot;id&quot;:&quot;28087&quot;,&quot;type&quot;:&quot;MARKETPLACE&quot;,&quot;picto&quot;:null,&quot;level&quot;:3,&quot;sellerId&quot;:&quot;2011&quot;,&quot;slug&quot;:&quot;made-in-france-box&quot;,&quot;selected&quot;:false,&quot;children&quot;:null,&quot;layers&quot;:&quot;\/navigation\/28087\/layers&quot;,&quot;link&quot;:&quot;\/v\/2011&quot;},{&quot;name&quot;:&quot;Regal des Sens&quot;,&quot;code&quot;:&quot;R01F08SF07&quot;,&quot;id&quot;:&quot;28088&quot;,&quot;type&quot;:&quot;MARKETPLACE&quot;,&quot;picto&quot;:null,&quot;level&quot;:3,&quot;sellerId&quot;:&quot;2055&quot;,&quot;slug&quot;:&quot;regal-des-sens&quot;,&quot;selected&quot;:false,&quot;children&quot;:null,&quot;layers&quot;:&quot;\/navigation\/28088\/layers&quot;,&quot;link&quot;:&quot;\/v\/2055&quot;},{&quot;name&quot;:&quot;Le Refuge de Marie-Louise&quot;,&quot;code&quot;:&quot;R01F08SF09&quot;,&quot;id&quot;:&quot;28630&quot;,&quot;type&quot;:&quot;MARKETPLACE&quot;,&quot;picto&quot;:null,&quot;level&quot;:3,&quot;sellerId&quot;:&quot;2115&quot;,&quot;slug&quot;:&quot;refuge-marie-louise&quot;,&quot;selected&quot;:false,&quot;children&quot;:null,&quot;layers&quot;:&quot;\/navigation\/28630\/layers&quot;,&quot;link&quot;:&quot;\/v\/2115&quot;},{&quot;name&quot;:&quot;La Cure Gourmande&quot;,&quot;code&quot;:&quot;R01F08SF10&quot;,&quot;id&quot;:&quot;28741&quot;,&quot;type&quot;:&quot;MARKETPLACE&quot;,&quot;picto&quot;:null,&quot;level&quot;:3,&quot;sellerId&quot;:&quot;2165&quot;,&quot;slug&quot;:&quot;cure-gourmande&quot;,&quot;selected&quot;:false,&quot;children&quot;:null,&quot;layers&quot;:&quot;\/navigation\/28741\/layers&quot;,&quot;link&quot;:&quot;\/v\/2165&quot;},{&quot;name&quot;:&quot;Conserves Parall\u00e8les&quot;,&quot;code&quot;:&quot;R01F08SF11&quot;,&quot;id&quot;:&quot;28633&quot;,&quot;type&quot;:&quot;MARKETPLACE&quot;,&quot;picto&quot;:null,&quot;level&quot;:3,&quot;sellerId&quot;:&quot;2133&quot;,&quot;slug&quot;:&quot;conserves-paralleles&quot;,&quot;selected&quot;:false,&quot;children&quot;:null,&quot;layers&quot;:&quot;\/navigation\/28633\/layers&quot;,&quot;link&quot;:&quot;\/v\/2133&quot;},{&quot;name&quot;:&quot;Qwehli&quot;,&quot;code&quot;:&quot;R01F08SF12&quot;,&quot;id&quot;:&quot;28991&quot;,&quot;type&quot;:&quot;MARKETPLACE&quot;,&quot;picto&quot;:null,&quot;level&quot;:3,&quot;sellerId&quot;:&quot;2205&quot;,&quot;slug&quot;:&quot;qwehli&quot;,&quot;selected&quot;:false,&quot;children&quot;:null,&quot;layers&quot;:&quot;\/navigation\/28991\/layers&quot;,&quot;link&quot;:&quot;\/v\/2205&quot;},{&quot;name&quot;:&quot;Tout un fromage&quot;,&quot;code&quot;:&quot;R01F08SF13&quot;,&quot;id&quot;:&quot;28992&quot;,&quot;type&quot;:&quot;MARKETPLACE&quot;,&quot;picto&quot;:null,&quot;level&quot;:3,&quot;sellerId&quot;:&quot;2162&quot;,&quot;slug&quot;:&quot;tout-un-fromage&quot;,&quot;selected&quot;:false,&quot;children&quot;:null,&quot;layers&quot;:&quot;\/navigation\/28992\/layers&quot;,&quot;link&quot;:&quot;\/v\/2162&quot;},{&quot;name&quot;:&quot;Les Hu\u00eetres d&#039;Andr\u00e9&quot;,&quot;code&quot;:&quot;R01F08SF14&quot;,&quot;id&quot;:&quot;28995&quot;,&quot;type&quot;:&quot;MARKETPLACE&quot;,&quot;picto&quot;:null,&quot;level&quot;:3,&quot;sellerId&quot;:&quot;2241&quot;,&quot;slug&quot;:&quot;les-huitres-andre&quot;,&quot;selected&quot;:false,&quot;children&quot;:null,&quot;layers&quot;:&quot;\/navigation\/28995\/layers&quot;,&quot;link&quot;:&quot;\/v\/2241&quot;},{&quot;name&quot;:&quot;Aficionado&quot;,&quot;code&quot;:&quot;R01F08SF15&quot;,&quot;id&quot;:&quot;28997&quot;,&quot;type&quot;:&quot;MARKETPLACE&quot;,&quot;picto&quot;:null,&quot;level&quot;:3,&quot;sellerId&quot;:&quot;2207&quot;,&quot;slug&quot;:&quot;aficionado&quot;,&quot;selected&quot;:false,&quot;children&quot;:null,&quot;layers&quot;:&quot;\/navigation\/28997\/layers&quot;,&quot;link&quot;:&quot;\/v\/2207&quot;}],&quot;layers&quot;:&quot;\/navigation\/28082\/layers&quot;,&quot;link&quot;:&quot;\/r\/vendeurs-partenaires-carrefour\/les-specialistes-de-nos-regions&quot;},{&quot;name&quot;:&quot;Epicerie Fine&quot;,&quot;code&quot;:&quot;R01F09&quot;,&quot;id&quot;:&quot;28740&quot;,&quot;type&quot;:&quot;RAYON&quot;,&quot;picto&quot;:null,&quot;level&quot;:2,&quot;sellerId&quot;:null,&quot;slug&quot;:&quot;epicerie-fine&quot;,&quot;selected&quot;:false,&quot;children&quot;:[{&quot;name&quot;:&quot;Albert M\u00e9n\u00e8s&quot;,&quot;code&quot;:&quot;R01F09SF01&quot;,&quot;id&quot;:&quot;28631&quot;,&quot;type&quot;:&quot;MARKETPLACE&quot;,&quot;picto&quot;:null,&quot;level&quot;:3,&quot;sellerId&quot;:&quot;2144&quot;,&quot;slug&quot;:&quot;albert-menes&quot;,&quot;selected&quot;:false,&quot;children&quot;:null,&quot;layers&quot;:&quot;\/navigation\/28631\/layers&quot;,&quot;link&quot;:&quot;\/v\/2144&quot;},{&quot;name&quot;:&quot;Kasnodar Caviar&quot;,&quot;code&quot;:&quot;R01F09SF02&quot;,&quot;id&quot;:&quot;28632&quot;,&quot;type&quot;:&quot;MARKETPLACE&quot;,&quot;picto&quot;:null,&quot;level&quot;:3,&quot;sellerId&quot;:&quot;2137&quot;,&quot;slug&quot;:&quot;kasnodar-caviar&quot;,&quot;selected&quot;:false,&quot;children&quot;:null,&quot;layers&quot;:&quot;\/navigation\/28632\/layers&quot;,&quot;link&quot;:&quot;\/v\/2137&quot;},{&quot;name&quot;:&quot;SM Kroosties&quot;,&quot;code&quot;:&quot;R01F09SF03&quot;,&quot;id&quot;:&quot;28634&quot;,&quot;type&quot;:&quot;MARKETPLACE&quot;,&quot;picto&quot;:null,&quot;level&quot;:3,&quot;sellerId&quot;:&quot;2067&quot;,&quot;slug&quot;:&quot;sm-kroosties&quot;,&quot;selected&quot;:false,&quot;children&quot;:null,&quot;layers&quot;:&quot;\/navigation\/28634\/layers&quot;,&quot;link&quot;:&quot;\/v\/2067&quot;},{&quot;name&quot;:&quot;Caviar de l&#039;Isle&quot;,&quot;code&quot;:&quot;R01F09SF04&quot;,&quot;id&quot;:&quot;28678&quot;,&quot;type&quot;:&quot;MARKETPLACE&quot;,&quot;picto&quot;:null,&quot;level&quot;:3,&quot;sellerId&quot;:&quot;2173&quot;,&quot;slug&quot;:&quot;caviar-isle&quot;,&quot;selected&quot;:false,&quot;children&quot;:null,&quot;layers&quot;:&quot;\/navigation\/28678\/layers&quot;,&quot;link&quot;:&quot;\/v\/2173&quot;},{&quot;name&quot;:&quot;Toilinux&quot;,&quot;code&quot;:&quot;R01F09SF05&quot;,&quot;id&quot;:&quot;28599&quot;,&quot;type&quot;:&quot;MARKETPLACE&quot;,&quot;picto&quot;:null,&quot;level&quot;:3,&quot;sellerId&quot;:&quot;2122&quot;,&quot;slug&quot;:&quot;toilinux&quot;,&quot;selected&quot;:false,&quot;children&quot;:null,&quot;layers&quot;:&quot;\/navigation\/28599\/layers&quot;,&quot;link&quot;:&quot;\/v\/2122&quot;},{&quot;name&quot;:&quot;Maison Ederki&quot;,&quot;code&quot;:&quot;R01F09SF06&quot;,&quot;id&quot;:&quot;28083&quot;,&quot;type&quot;:&quot;MARKETPLACE&quot;,&quot;picto&quot;:null,&quot;level&quot;:3,&quot;sellerId&quot;:&quot;2118&quot;,&quot;slug&quot;:&quot;maison-ederki&quot;,&quot;selected&quot;:false,&quot;children&quot;:null,&quot;layers&quot;:&quot;\/navigation\/28083\/layers&quot;,&quot;link&quot;:&quot;\/v\/2118&quot;},{&quot;name&quot;:&quot;Chevaliers d&#039;Argouges&quot;,&quot;code&quot;:&quot;R01F09SF07&quot;,&quot;id&quot;:&quot;28742&quot;,&quot;type&quot;:&quot;MARKETPLACE&quot;,&quot;picto&quot;:null,&quot;level&quot;:3,&quot;sellerId&quot;:&quot;2006&quot;,&quot;slug&quot;:&quot;chevaliers-argouges&quot;,&quot;selected&quot;:false,&quot;children&quot;:null,&quot;layers&quot;:&quot;\/navigation\/28742\/layers&quot;,&quot;link&quot;:&quot;\/v\/2006&quot;},{&quot;name&quot;:&quot;Chocolaterie Dolfin&quot;,&quot;code&quot;:&quot;R01F09SF08&quot;,&quot;id&quot;:&quot;28743&quot;,&quot;type&quot;:&quot;MARKETPLACE&quot;,&quot;picto&quot;:null,&quot;level&quot;:3,&quot;sellerId&quot;:&quot;2062&quot;,&quot;slug&quot;:&quot;chocolaterie-dolfin&quot;,&quot;selected&quot;:false,&quot;children&quot;:null,&quot;layers&quot;:&quot;\/navigation\/28743\/layers&quot;,&quot;link&quot;:&quot;\/v\/2062&quot;},{&quot;name&quot;:&quot;Mon jardin chocolat\u00e9&quot;,&quot;code&quot;:&quot;R01F09SF09&quot;,&quot;id&quot;:&quot;28744&quot;,&quot;type&quot;:&quot;MARKETPLACE&quot;,&quot;picto&quot;:null,&quot;level&quot;:3,&quot;sellerId&quot;:&quot;2010&quot;,&quot;slug&quot;:&quot;mon-jardin-chocolate&quot;,&quot;selected&quot;:false,&quot;children&quot;:null,&quot;layers&quot;:&quot;\/navigation\/28744\/layers&quot;,&quot;link&quot;:&quot;\/v\/2010&quot;},{&quot;name&quot;:&quot;Tohi chocolat bio&quot;,&quot;code&quot;:&quot;R01F09SF10&quot;,&quot;id&quot;:&quot;28745&quot;,&quot;type&quot;:&quot;MARKETPLACE&quot;,&quot;picto&quot;:null,&quot;level&quot;:3,&quot;sellerId&quot;:&quot;2061&quot;,&quot;slug&quot;:&quot;tohi-chocolat-bio&quot;,&quot;selected&quot;:false,&quot;children&quot;:null,&quot;layers&quot;:&quot;\/navigation\/28745\/layers&quot;,&quot;link&quot;:&quot;\/v\/2061&quot;},{&quot;name&quot;:&quot;Sardines en bo\u00eetes&quot;,&quot;code&quot;:&quot;R01F09SF11&quot;,&quot;id&quot;:&quot;28989&quot;,&quot;type&quot;:&quot;MARKETPLACE&quot;,&quot;picto&quot;:null,&quot;level&quot;:3,&quot;sellerId&quot;:&quot;2183&quot;,&quot;slug&quot;:&quot;sardines-en-boite&quot;,&quot;selected&quot;:false,&quot;children&quot;:null,&quot;layers&quot;:&quot;\/navigation\/28989\/layers&quot;,&quot;link&quot;:&quot;\/v\/2183&quot;},{&quot;name&quot;:&quot;Kusmi Tea&quot;,&quot;code&quot;:&quot;R01F09SF12&quot;,&quot;id&quot;:&quot;29007&quot;,&quot;type&quot;:&quot;MARKETPLACE&quot;,&quot;picto&quot;:null,&quot;level&quot;:3,&quot;sellerId&quot;:&quot;2134&quot;,&quot;slug&quot;:&quot;kusmi-tea&quot;,&quot;selected&quot;:false,&quot;children&quot;:null,&quot;layers&quot;:&quot;\/navigation\/29007\/layers&quot;,&quot;link&quot;:&quot;\/v\/2134&quot;},{&quot;name&quot;:&quot;Nesati&quot;,&quot;code&quot;:&quot;R01F09SF13&quot;,&quot;id&quot;:&quot;29008&quot;,&quot;type&quot;:&quot;MARKETPLACE&quot;,&quot;picto&quot;:null,&quot;level&quot;:3,&quot;sellerId&quot;:&quot;2161&quot;,&quot;slug&quot;:&quot;nesati&quot;,&quot;selected&quot;:false,&quot;children&quot;:null,&quot;layers&quot;:&quot;\/navigation\/29008\/layers&quot;,&quot;link&quot;:&quot;\/v\/2161&quot;},{&quot;name&quot;:&quot;Make Me Nuts&quot;,&quot;code&quot;:&quot;R01F09SF14&quot;,&quot;id&quot;:&quot;29011&quot;,&quot;type&quot;:&quot;MARKETPLACE&quot;,&quot;picto&quot;:null,&quot;level&quot;:3,&quot;sellerId&quot;:&quot;2174&quot;,&quot;slug&quot;:&quot;make-me-nuts&quot;,&quot;selected&quot;:false,&quot;children&quot;:null,&quot;layers&quot;:&quot;\/navigation\/29011\/layers&quot;,&quot;link&quot;:&quot;\/v\/2174&quot;}],&quot;layers&quot;:&quot;\/navigation\/28740\/layers&quot;,&quot;link&quot;:&quot;\/r\/vendeurs-partenaires-carrefour\/epicerie-fine&quot;},{&quot;name&quot;:&quot;Tout pour mon animal&quot;,&quot;code&quot;:&quot;R01F11&quot;,&quot;id&quot;:&quot;28576&quot;,&quot;type&quot;:&quot;RAYON&quot;,&quot;picto&quot;:null,&quot;level&quot;:2,&quot;sellerId&quot;:null,&quot;slug&quot;:&quot;tout-pour-mon-animal&quot;,&quot;selected&quot;:false,&quot;children&quot;:[{&quot;name&quot;:&quot;Croquetteland&quot;,&quot;code&quot;:&quot;R01F11SF01&quot;,&quot;id&quot;:&quot;28577&quot;,&quot;type&quot;:&quot;MARKETPLACE&quot;,&quot;picto&quot;:null,&quot;level&quot;:3,&quot;sellerId&quot;:&quot;2014&quot;,&quot;slug&quot;:&quot;croquetteland&quot;,&quot;selected&quot;:false,&quot;children&quot;:null,&quot;layers&quot;:&quot;\/navigation\/28577\/layers&quot;,&quot;link&quot;:&quot;\/v\/2014&quot;},{&quot;name&quot;:&quot;Labelsource&quot;,&quot;code&quot;:&quot;R01F11SF02&quot;,&quot;id&quot;:&quot;28579&quot;,&quot;type&quot;:&quot;MARKETPLACE&quot;,&quot;picto&quot;:null,&quot;level&quot;:3,&quot;sellerId&quot;:&quot;2096&quot;,&quot;slug&quot;:&quot;labelsource&quot;,&quot;selected&quot;:false,&quot;children&quot;:null,&quot;layers&quot;:&quot;\/navigation\/28579\/layers&quot;,&quot;link&quot;:&quot;\/v\/2096&quot;},{&quot;name&quot;:&quot;Catapart&quot;,&quot;code&quot;:&quot;R01F11SF04&quot;,&quot;id&quot;:&quot;28580&quot;,&quot;type&quot;:&quot;MARKETPLACE&quot;,&quot;picto&quot;:null,&quot;level&quot;:3,&quot;sellerId&quot;:&quot;2148&quot;,&quot;slug&quot;:&quot;catapart&quot;,&quot;selected&quot;:false,&quot;children&quot;:null,&quot;layers&quot;:&quot;\/navigation\/28580\/layers&quot;,&quot;link&quot;:&quot;\/v\/2148&quot;},{&quot;name&quot;:&quot;Animalerie Montpellier&quot;,&quot;code&quot;:&quot;R01F11SF05&quot;,&quot;id&quot;:&quot;29010&quot;,&quot;type&quot;:&quot;MARKETPLACE&quot;,&quot;picto&quot;:null,&quot;level&quot;:3,&quot;sellerId&quot;:&quot;2146&quot;,&quot;slug&quot;:&quot;animalerie-montpellier&quot;,&quot;selected&quot;:false,&quot;children&quot;:null,&quot;layers&quot;:&quot;\/navigation\/29010\/layers&quot;,&quot;link&quot;:&quot;\/v\/2146&quot;}],&quot;layers&quot;:&quot;\/navigation\/28576\/layers&quot;,&quot;link&quot;:&quot;\/r\/vendeurs-partenaires-carrefour\/tout-pour-mon-animal&quot;},{&quot;name&quot;:&quot;Softs &amp; Brasserie&quot;,&quot;code&quot;:&quot;R01F12&quot;,&quot;id&quot;:&quot;28589&quot;,&quot;type&quot;:&quot;RAYON&quot;,&quot;picto&quot;:null,&quot;level&quot;:2,&quot;sellerId&quot;:null,&quot;slug&quot;:&quot;cave-a-softs&quot;,&quot;selected&quot;:false,&quot;children&quot;:[{&quot;name&quot;:&quot;Appie&quot;,&quot;code&quot;:&quot;R01F12SF02&quot;,&quot;id&quot;:&quot;28591&quot;,&quot;type&quot;:&quot;MARKETPLACE&quot;,&quot;picto&quot;:null,&quot;level&quot;:3,&quot;sellerId&quot;:&quot;2072&quot;,&quot;slug&quot;:&quot;appie&quot;,&quot;selected&quot;:false,&quot;children&quot;:null,&quot;layers&quot;:&quot;\/navigation\/28591\/layers&quot;,&quot;link&quot;:&quot;\/v\/2072&quot;},{&quot;name&quot;:&quot;Dietox&quot;,&quot;code&quot;:&quot;R01F12SF03&quot;,&quot;id&quot;:&quot;28592&quot;,&quot;type&quot;:&quot;MARKETPLACE&quot;,&quot;picto&quot;:null,&quot;level&quot;:3,&quot;sellerId&quot;:&quot;2068&quot;,&quot;slug&quot;:&quot;dietox&quot;,&quot;selected&quot;:false,&quot;children&quot;:null,&quot;layers&quot;:&quot;\/navigation\/28592\/layers&quot;,&quot;link&quot;:&quot;\/v\/2068&quot;}],&quot;layers&quot;:&quot;\/navigation\/28589\/layers&quot;,&quot;link&quot;:&quot;\/r\/vendeurs-partenaires-carrefour\/cave-a-softs&quot;},{&quot;name&quot;:&quot;La cave&quot;,&quot;code&quot;:&quot;R01F13&quot;,&quot;id&quot;:&quot;28077&quot;,&quot;type&quot;:&quot;RAYON&quot;,&quot;picto&quot;:null,&quot;level&quot;:2,&quot;sellerId&quot;:null,&quot;slug&quot;:&quot;la-rentree-des-grands-vins&quot;,&quot;selected&quot;:false,&quot;children&quot;:[{&quot;name&quot;:&quot;Lavinia&quot;,&quot;code&quot;:&quot;R01F13SF01&quot;,&quot;id&quot;:&quot;28078&quot;,&quot;type&quot;:&quot;MARKETPLACE&quot;,&quot;picto&quot;:null,&quot;level&quot;:3,&quot;sellerId&quot;:&quot;2063&quot;,&quot;slug&quot;:&quot;lavinia&quot;,&quot;selected&quot;:false,&quot;children&quot;:null,&quot;layers&quot;:&quot;\/navigation\/28078\/layers&quot;,&quot;link&quot;:&quot;\/v\/2063&quot;},{&quot;name&quot;:&quot;Cavagogo&quot;,&quot;code&quot;:&quot;R01F13SF02&quot;,&quot;id&quot;:&quot;28079&quot;,&quot;type&quot;:&quot;MARKETPLACE&quot;,&quot;picto&quot;:null,&quot;level&quot;:3,&quot;sellerId&quot;:&quot;2069&quot;,&quot;slug&quot;:&quot;cavagogo&quot;,&quot;selected&quot;:false,&quot;children&quot;:null,&quot;layers&quot;:&quot;\/navigation\/28079\/layers&quot;,&quot;link&quot;:&quot;\/v\/2069&quot;},{&quot;name&quot;:&quot;1 histoire de vin&quot;,&quot;code&quot;:&quot;R01F13SF04&quot;,&quot;id&quot;:&quot;28080&quot;,&quot;type&quot;:&quot;MARKETPLACE&quot;,&quot;picto&quot;:null,&quot;level&quot;:3,&quot;sellerId&quot;:&quot;2027&quot;,&quot;slug&quot;:&quot;1-histoire-de-vin&quot;,&quot;selected&quot;:false,&quot;children&quot;:null,&quot;layers&quot;:&quot;\/navigation\/28080\/layers&quot;,&quot;link&quot;:&quot;\/v\/2027&quot;},{&quot;name&quot;:&quot;La Cave \u00e0 Spiritueux&quot;,&quot;code&quot;:&quot;R01F13SF05&quot;,&quot;id&quot;:&quot;28679&quot;,&quot;type&quot;:&quot;MARKETPLACE&quot;,&quot;picto&quot;:null,&quot;level&quot;:3,&quot;sellerId&quot;:&quot;2107&quot;,&quot;slug&quot;:&quot;cave-spiriteux&quot;,&quot;selected&quot;:false,&quot;children&quot;:null,&quot;layers&quot;:&quot;\/navigation\/28679\/layers&quot;,&quot;link&quot;:&quot;\/v\/2107&quot;},{&quot;name&quot;:&quot;La Route des Rhums&quot;,&quot;code&quot;:&quot;R01F13SF06&quot;,&quot;id&quot;:&quot;28680&quot;,&quot;type&quot;:&quot;MARKETPLACE&quot;,&quot;picto&quot;:null,&quot;level&quot;:3,&quot;sellerId&quot;:&quot;2160&quot;,&quot;slug&quot;:&quot;cave-rhums&quot;,&quot;selected&quot;:false,&quot;children&quot;:null,&quot;layers&quot;:&quot;\/navigation\/28680\/layers&quot;,&quot;link&quot;:&quot;\/v\/2160&quot;},{&quot;name&quot;:&quot;Le Vin Emoi&quot;,&quot;code&quot;:&quot;R01F13SF07&quot;,&quot;id&quot;:&quot;28803&quot;,&quot;type&quot;:&quot;MARKETPLACE&quot;,&quot;picto&quot;:null,&quot;level&quot;:3,&quot;sellerId&quot;:&quot;2172&quot;,&quot;slug&quot;:&quot;le-vin-emoi&quot;,&quot;selected&quot;:false,&quot;children&quot;:null,&quot;layers&quot;:&quot;\/navigation\/28803\/layers&quot;,&quot;link&quot;:&quot;\/v\/2172&quot;},{&quot;name&quot;:&quot;We Love Bubbles&quot;,&quot;code&quot;:&quot;R01F13SF08&quot;,&quot;id&quot;:&quot;28804&quot;,&quot;type&quot;:&quot;MARKETPLACE&quot;,&quot;picto&quot;:null,&quot;level&quot;:3,&quot;sellerId&quot;:&quot;2143&quot;,&quot;slug&quot;:&quot;we-love-bubbles&quot;,&quot;selected&quot;:false,&quot;children&quot;:null,&quot;layers&quot;:&quot;\/navigation\/28804\/layers&quot;,&quot;link&quot;:&quot;\/v\/2143&quot;},{&quot;name&quot;:&quot;Ch\u00e2teau la Capelle&quot;,&quot;code&quot;:&quot;R01F13SF09&quot;,&quot;id&quot;:&quot;28990&quot;,&quot;type&quot;:&quot;MARKETPLACE&quot;,&quot;picto&quot;:null,&quot;level&quot;:3,&quot;sellerId&quot;:&quot;2213&quot;,&quot;slug&quot;:&quot;chateau-la-capelle&quot;,&quot;selected&quot;:false,&quot;children&quot;:null,&quot;layers&quot;:&quot;\/navigation\/28990\/layers&quot;,&quot;link&quot;:&quot;\/v\/2213&quot;},{&quot;name&quot;:&quot;Ch\u00e2teau Corbiac P\u00e9charmant&quot;,&quot;code&quot;:&quot;R01F13SF10&quot;,&quot;id&quot;:&quot;28998&quot;,&quot;type&quot;:&quot;MARKETPLACE&quot;,&quot;picto&quot;:null,&quot;level&quot;:3,&quot;sellerId&quot;:&quot;2195&quot;,&quot;slug&quot;:&quot;chateau-corbiac-pecharmant&quot;,&quot;selected&quot;:false,&quot;children&quot;:null,&quot;layers&quot;:&quot;\/navigation\/28998\/layers&quot;,&quot;link&quot;:&quot;\/v\/2195&quot;}],&quot;layers&quot;:&quot;\/navigation\/28077\/layers&quot;,&quot;link&quot;:&quot;\/r\/vendeurs-partenaires-carrefour\/la-rentree-des-grands-vins&quot;}],&quot;layers&quot;:&quot;\/navigation\/27992\/layers&quot;,&quot;link&quot;:&quot;\/r\/vendeurs-partenaires-carrefour&quot;},{&quot;name&quot;:&quot;Bio et Ecologie&quot;,&quot;code&quot;:&quot;R02&quot;,&quot;id&quot;:&quot;1838&quot;,&quot;type&quot;:&quot;RAYON&quot;,&quot;picto&quot;:&quot;https:\/\/media.carrefour.fr\/medias\/5f3d0dc998fd3a20831086a36082fd36\/p_96x96\/1838.jpg&quot;,&quot;level&quot;:1,&quot;sellerId&quot;:null,&quot;slug&quot;:&quot;bio-et-ecologie&quot;,&quot;selected&quot;:false,&quot;children&quot;:[{&quot;name&quot;:&quot;Bio \u00e0 petit prix&quot;,&quot;code&quot;:&quot;R02F01&quot;,&quot;id&quot;:&quot;28692&quot;,&quot;type&quot;:&quot;RAYON&quot;,&quot;picto&quot;:null,&quot;level&quot;:2,&quot;sellerId&quot;:null,&quot;slug&quot;:&quot;bio-petit-prix&quot;,&quot;selected&quot;:false,&quot;children&quot;:[{&quot;name&quot;:&quot;Fruits et l\u00e9gumes&quot;,&quot;code&quot;:&quot;R02F01SF01&quot;,&quot;id&quot;:&quot;28701&quot;,&quot;type&quot;:&quot;RAYON&quot;,&quot;picto&quot;:null,&quot;level&quot;:3,&quot;sellerId&quot;:null,&quot;slug&quot;:&quot;fruits-et-legumes&quot;,&quot;selected&quot;:false,&quot;children&quot;:null,&quot;layers&quot;:&quot;\/navigation\/28701\/layers&quot;,&quot;link&quot;:&quot;\/r\/bio-et-ecologie\/bio-petit-prix\/fruits-et-legumes&quot;},{&quot;name&quot;:&quot;Frais et Surgel\u00e9s&quot;,&quot;code&quot;:&quot;R02F01SF02&quot;,&quot;id&quot;:&quot;28704&quot;,&quot;type&quot;:&quot;RAYON&quot;,&quot;picto&quot;:null,&quot;level&quot;:3,&quot;sellerId&quot;:null,&quot;slug&quot;:&quot;frais-surgeles&quot;,&quot;selected&quot;:false,&quot;children&quot;:null,&quot;layers&quot;:&quot;\/navigation\/28704\/layers&quot;,&quot;link&quot;:&quot;\/r\/bio-et-ecologie\/bio-petit-prix\/frais-surgeles&quot;},{&quot;name&quot;:&quot;Boulangerie et Viennoiserie&quot;,&quot;code&quot;:&quot;R02F01SF03&quot;,&quot;id&quot;:&quot;28702&quot;,&quot;type&quot;:&quot;RAYON&quot;,&quot;picto&quot;:null,&quot;level&quot;:3,&quot;sellerId&quot;:null,&quot;slug&quot;:&quot;boulangerie-viennoiserie&quot;,&quot;selected&quot;:false,&quot;children&quot;:null,&quot;layers&quot;:&quot;\/navigation\/28702\/layers&quot;,&quot;link&quot;:&quot;\/r\/bio-et-ecologie\/bio-petit-prix\/boulangerie-viennoiserie&quot;},{&quot;name&quot;:&quot;Epicerie sucr\u00e9e&quot;,&quot;code&quot;:&quot;R02F01SF04&quot;,&quot;id&quot;:&quot;28695&quot;,&quot;type&quot;:&quot;RAYON&quot;,&quot;picto&quot;:null,&quot;level&quot;:3,&quot;sellerId&quot;:null,&quot;slug&quot;:&quot;epicerie-sucree&quot;,&quot;selected&quot;:false,&quot;children&quot;:null,&quot;layers&quot;:&quot;\/navigation\/28695\/layers&quot;,&quot;link&quot;:&quot;\/r\/bio-et-ecologie\/bio-petit-prix\/epicerie-sucree&quot;},{&quot;name&quot;:&quot;Epicerie sal\u00e9e&quot;,&quot;code&quot;:&quot;R02F01SF05&quot;,&quot;id&quot;:&quot;28696&quot;,&quot;type&quot;:&quot;RAYON&quot;,&quot;picto&quot;:null,&quot;level&quot;:3,&quot;sellerId&quot;:null,&quot;slug&quot;:&quot;epicerie-salee&quot;,&quot;selected&quot;:false,&quot;children&quot;:null,&quot;layers&quot;:&quot;\/navigation\/28696\/layers&quot;,&quot;link&quot;:&quot;\/r\/bio-et-ecologie\/bio-petit-prix\/epicerie-salee&quot;},{&quot;name&quot;:&quot;Boissons&quot;,&quot;code&quot;:&quot;R02F01SF06&quot;,&quot;id&quot;:&quot;28697&quot;,&quot;type&quot;:&quot;RAYON&quot;,&quot;picto&quot;:null,&quot;level&quot;:3,&quot;sellerId&quot;:null,&quot;slug&quot;:&quot;boissons&quot;,&quot;selected&quot;:false,&quot;children&quot;:null,&quot;layers&quot;:&quot;\/navigation\/28697\/layers&quot;,&quot;link&quot;:&quot;\/r\/bio-et-ecologie\/bio-petit-prix\/boissons&quot;},{&quot;name&quot;:&quot;B\u00e9b\u00e9&quot;,&quot;code&quot;:&quot;R02F01SF07&quot;,&quot;id&quot;:&quot;28698&quot;,&quot;type&quot;:&quot;RAYON&quot;,&quot;picto&quot;:null,&quot;level&quot;:3,&quot;sellerId&quot;:null,&quot;slug&quot;:&quot;bebe&quot;,&quot;selected&quot;:false,&quot;children&quot;:null,&quot;layers&quot;:&quot;\/navigation\/28698\/layers&quot;,&quot;link&quot;:&quot;\/r\/bio-et-ecologie\/bio-petit-prix\/bebe&quot;},{&quot;name&quot;:&quot;Hygi\u00e8ne beaut\u00e9&quot;,&quot;code&quot;:&quot;R02F01SF08&quot;,&quot;id&quot;:&quot;28699&quot;,&quot;type&quot;:&quot;RAYON&quot;,&quot;picto&quot;:null,&quot;level&quot;:3,&quot;sellerId&quot;:null,&quot;slug&quot;:&quot;hygiene-beaute&quot;,&quot;selected&quot;:false,&quot;children&quot;:null,&quot;layers&quot;:&quot;\/navigation\/28699\/layers&quot;,&quot;link&quot;:&quot;\/r\/bio-et-ecologie\/bio-petit-prix\/hygiene-beaute&quot;},{&quot;name&quot;:&quot;Animaux&quot;,&quot;code&quot;:&quot;R02F01SF09&quot;,&quot;id&quot;:&quot;28700&quot;,&quot;type&quot;:&quot;RAYON&quot;,&quot;picto&quot;:null,&quot;level&quot;:3,&quot;sellerId&quot;:null,&quot;slug&quot;:&quot;animaux&quot;,&quot;selected&quot;:false,&quot;children&quot;:null,&quot;layers&quot;:&quot;\/navigation\/28700\/layers&quot;,&quot;link&quot;:&quot;\/r\/bio-et-ecologie\/bio-petit-prix\/animaux&quot;}],&quot;layers&quot;:&quot;\/navigation\/28692\/layers&quot;,&quot;link&quot;:&quot;\/r\/bio-et-ecologie\/bio-petit-prix&quot;},{&quot;name&quot;:&quot;Le March\u00e9&quot;,&quot;code&quot;:&quot;R02F02&quot;,&quot;id&quot;:&quot;1839&quot;,&quot;type&quot;:&quot;RAYON&quot;,&quot;picto&quot;:&quot;https:\/\/media.carrefour.fr\/medias\/5e277a36a54836b4b0c8adf878eb7fe8\/p_96x96\/1839.jpg&quot;,&quot;level&quot;:2,&quot;sellerId&quot;:null,&quot;slug&quot;:&quot;le-marche&quot;,&quot;selected&quot;:false,&quot;children&quot;:[{&quot;name&quot;:&quot;L\u00e9gumes et Fruits&quot;,&quot;code&quot;:&quot;R02F02SF01&quot;,&quot;id&quot;:&quot;1840&quot;,&quot;type&quot;:&quot;RAYON&quot;,&quot;picto&quot;:null,&quot;level&quot;:3,&quot;sellerId&quot;:null,&quot;slug&quot;:&quot;legumes-et-fruits&quot;,&quot;selected&quot;:false,&quot;children&quot;:null,&quot;layers&quot;:&quot;\/navigation\/1840\/layers&quot;,&quot;link&quot;:&quot;\/r\/bio-et-ecologie\/le-marche\/legumes-et-fruits&quot;},{&quot;name&quot;:&quot;L\u00e9gumes secs et Fruits secs&quot;,&quot;code&quot;:&quot;R02F02SF02&quot;,&quot;id&quot;:&quot;1841&quot;,&quot;type&quot;:&quot;RAYON&quot;,&quot;picto&quot;:null,&quot;level&quot;:3,&quot;sellerId&quot;:null,&quot;slug&quot;:&quot;legumes-secs-et-fruits-secs&quot;,&quot;selected&quot;:false,&quot;children&quot;:null,&quot;layers&quot;:&quot;\/navigation\/1841\/layers&quot;,&quot;link&quot;:&quot;\/r\/bio-et-ecologie\/le-marche\/legumes-secs-et-fruits-secs&quot;},{&quot;name&quot;:&quot;Boucherie et Poissonnerie&quot;,&quot;code&quot;:&quot;R02F02SF03&quot;,&quot;id&quot;:&quot;1842&quot;,&quot;type&quot;:&quot;RAYON&quot;,&quot;picto&quot;:null,&quot;level&quot;:3,&quot;sellerId&quot;:null,&quot;slug&quot;:&quot;boucherie-et-poissonnerie&quot;,&quot;selected&quot;:false,&quot;children&quot;:null,&quot;layers&quot;:&quot;\/navigation\/1842\/layers&quot;,&quot;link&quot;:&quot;\/r\/bio-et-ecologie\/le-marche\/boucherie-et-poissonnerie&quot;},{&quot;name&quot;:&quot;Boulangerie et Viennoiserie&quot;,&quot;code&quot;:&quot;R02F02SF04&quot;,&quot;id&quot;:&quot;1843&quot;,&quot;type&quot;:&quot;RAYON&quot;,&quot;picto&quot;:null,&quot;level&quot;:3,&quot;sellerId&quot;:null,&quot;slug&quot;:&quot;boulangerie-et-viennoiserie&quot;,&quot;selected&quot;:false,&quot;children&quot;:null,&quot;layers&quot;:&quot;\/navigation\/1843\/layers&quot;,&quot;link&quot;:&quot;\/r\/bio-et-ecologie\/le-marche\/boulangerie-et-viennoiserie&quot;}],&quot;layers&quot;:&quot;\/navigation\/1839\/layers&quot;,&quot;link&quot;:&quot;\/r\/bio-et-ecologie\/le-marche&quot;},{&quot;name&quot;:&quot;Cr\u00e8merie&quot;,&quot;code&quot;:&quot;R02F03&quot;,&quot;id&quot;:&quot;1844&quot;,&quot;type&quot;:&quot;RAYON&quot;,&quot;picto&quot;:&quot;https:\/\/media.carrefour.fr\/medias\/4765a6d4738a3f338415834e97a9ac57\/p_96x96\/1844.jpg&quot;,&quot;level&quot;:2,&quot;sellerId&quot;:null,&quot;slug&quot;:&quot;cremerie&quot;,&quot;selected&quot;:false,&quot;children&quot;:[{&quot;name&quot;:&quot;Lait et Oeufs&quot;,&quot;code&quot;:&quot;R02F03SF01&quot;,&quot;id&quot;:&quot;1845&quot;,&quot;type&quot;:&quot;RAYON&quot;,&quot;picto&quot;:null,&quot;level&quot;:3,&quot;sellerId&quot;:null,&quot;slug&quot;:&quot;lait-et-oeufs&quot;,&quot;selected&quot;:false,&quot;children&quot;:null,&quot;layers&quot;:&quot;\/navigation\/1845\/layers&quot;,&quot;link&quot;:&quot;\/r\/bio-et-ecologie\/cremerie\/lait-et-oeufs&quot;},{&quot;name&quot;:&quot;Beurres et Cr\u00e8mes&quot;,&quot;code&quot;:&quot;R02F03SF02&quot;,&quot;id&quot;:&quot;1846&quot;,&quot;type&quot;:&quot;RAYON&quot;,&quot;picto&quot;:null,&quot;level&quot;:3,&quot;sellerId&quot;:null,&quot;slug&quot;:&quot;beurre-et-creme&quot;,&quot;selected&quot;:false,&quot;children&quot;:null,&quot;layers&quot;:&quot;\/navigation\/1846\/layers&quot;,&quot;link&quot;:&quot;\/r\/bio-et-ecologie\/cremerie\/beurre-et-creme&quot;},{&quot;name&quot;:&quot;Fromages&quot;,&quot;code&quot;:&quot;R02F03SF03&quot;,&quot;id&quot;:&quot;1847&quot;,&quot;type&quot;:&quot;RAYON&quot;,&quot;picto&quot;:null,&quot;level&quot;:3,&quot;sellerId&quot;:null,&quot;slug&quot;:&quot;fromage&quot;,&quot;selected&quot;:false,&quot;children&quot;:null,&quot;layers&quot;:&quot;\/navigation\/1847\/layers&quot;,&quot;link&quot;:&quot;\/r\/bio-et-ecologie\/cremerie\/fromage&quot;},{&quot;name&quot;:&quot;Yaourts et Desserts&quot;,&quot;code&quot;:&quot;R02F03SF04&quot;,&quot;id&quot;:&quot;1848&quot;,&quot;type&quot;:&quot;RAYON&quot;,&quot;picto&quot;:null,&quot;level&quot;:3,&quot;sellerId&quot;:null,&quot;slug&quot;:&quot;yaourts-et-desserts&quot;,&quot;selected&quot;:false,&quot;children&quot;:null,&quot;layers&quot;:&quot;\/navigation\/1848\/layers&quot;,&quot;link&quot;:&quot;\/r\/bio-et-ecologie\/cremerie\/yaourts-et-desserts&quot;}],&quot;layers&quot;:&quot;\/navigation\/1844\/layers&quot;,&quot;link&quot;:&quot;\/r\/bio-et-ecologie\/cremerie&quot;},{&quot;name&quot;:&quot;Frais et Surgel\u00e9s&quot;,&quot;code&quot;:&quot;R02F04&quot;,&quot;id&quot;:&quot;1849&quot;,&quot;type&quot;:&quot;RAYON&quot;,&quot;picto&quot;:&quot;https:\/\/media.carrefour.fr\/medias\/29ba769b1e133926b3d6d1e30b762224\/p_96x96\/1849.jpg&quot;,&quot;level&quot;:2,&quot;sellerId&quot;:null,&quot;slug&quot;:&quot;frais-et-surgeles&quot;,&quot;selected&quot;:false,&quot;children&quot;:[{&quot;name&quot;:&quot;Charcuterie bio&quot;,&quot;code&quot;:&quot;R02F04SF01&quot;,&quot;id&quot;:&quot;1851&quot;,&quot;type&quot;:&quot;RAYON&quot;,&quot;picto&quot;:null,&quot;level&quot;:3,&quot;sellerId&quot;:null,&quot;slug&quot;:&quot;charcuterie-bio&quot;,&quot;selected&quot;:false,&quot;children&quot;:null,&quot;layers&quot;:&quot;\/navigation\/1851\/layers&quot;,&quot;link&quot;:&quot;\/r\/bio-et-ecologie\/frais-et-surgeles\/charcuterie-bio&quot;},{&quot;name&quot;:&quot;Traiteur bio&quot;,&quot;code&quot;:&quot;R02F04SF02&quot;,&quot;id&quot;:&quot;1850&quot;,&quot;type&quot;:&quot;RAYON&quot;,&quot;picto&quot;:null,&quot;level&quot;:3,&quot;sellerId&quot;:null,&quot;slug&quot;:&quot;traiteur-bio&quot;,&quot;selected&quot;:false,&quot;children&quot;:null,&quot;layers&quot;:&quot;\/navigation\/1850\/layers&quot;,&quot;link&quot;:&quot;\/r\/bio-et-ecologie\/frais-et-surgeles\/traiteur-bio&quot;},{&quot;name&quot;:&quot;Surgel\u00e9s bio&quot;,&quot;code&quot;:&quot;R02F04SF03&quot;,&quot;id&quot;:&quot;1852&quot;,&quot;type&quot;:&quot;RAYON&quot;,&quot;picto&quot;:null,&quot;level&quot;:3,&quot;sellerId&quot;:null,&quot;slug&quot;:&quot;surgeles-bio&quot;,&quot;selected&quot;:false,&quot;children&quot;:null,&quot;layers&quot;:&quot;\/navigation\/1852\/layers&quot;,&quot;link&quot;:&quot;\/r\/bio-et-ecologie\/frais-et-surgeles\/surgeles-bio&quot;}],&quot;layers&quot;:&quot;\/navigation\/1849\/layers&quot;,&quot;link&quot;:&quot;\/r\/bio-et-ecologie\/frais-et-surgeles&quot;},{&quot;name&quot;:&quot;Epicerie Sal\u00e9e&quot;,&quot;code&quot;:&quot;R02F05&quot;,&quot;id&quot;:&quot;1853&quot;,&quot;type&quot;:&quot;RAYON&quot;,&quot;picto&quot;:&quot;https:\/\/media.carrefour.fr\/medias\/5d768f60ee7e3933afc3eebf2bd8cfe8\/p_96x96\/1853.jpg&quot;,&quot;level&quot;:2,&quot;sellerId&quot;:null,&quot;slug&quot;:&quot;epicerie-salee&quot;,&quot;selected&quot;:false,&quot;children&quot;:[{&quot;name&quot;:&quot;Soupes et Potages&quot;,&quot;code&quot;:&quot;R02F05SF01&quot;,&quot;id&quot;:&quot;1855&quot;,&quot;type&quot;:&quot;RAYON&quot;,&quot;picto&quot;:null,&quot;level&quot;:3,&quot;sellerId&quot;:null,&quot;slug&quot;:&quot;soupes-et-potages&quot;,&quot;selected&quot;:false,&quot;children&quot;:null,&quot;layers&quot;:&quot;\/navigation\/1855\/layers&quot;,&quot;link&quot;:&quot;\/r\/bio-et-ecologie\/epicerie-salee\/soupes-et-potages&quot;},{&quot;name&quot;:&quot;Conserves et Plats cuisin\u00e9s&quot;,&quot;code&quot;:&quot;R02F05SF02&quot;,&quot;id&quot;:&quot;1858&quot;,&quot;type&quot;:&quot;RAYON&quot;,&quot;picto&quot;:null,&quot;level&quot;:3,&quot;sellerId&quot;:null,&quot;slug&quot;:&quot;conserves-et-plats-cuisines&quot;,&quot;selected&quot;:false,&quot;children&quot;:null,&quot;layers&quot;:&quot;\/navigation\/1858\/layers&quot;,&quot;link&quot;:&quot;\/r\/bio-et-ecologie\/epicerie-salee\/conserves-et-plats-cuisines&quot;},{&quot;name&quot;:&quot;P\u00e2tes, Riz et F\u00e9culents&quot;,&quot;code&quot;:&quot;R02F05SF03&quot;,&quot;id&quot;:&quot;1856&quot;,&quot;type&quot;:&quot;RAYON&quot;,&quot;picto&quot;:null,&quot;level&quot;:3,&quot;sellerId&quot;:null,&quot;slug&quot;:&quot;pates-riz-et-feculents&quot;,&quot;selected&quot;:false,&quot;children&quot;:null,&quot;layers&quot;:&quot;\/navigation\/1856\/layers&quot;,&quot;link&quot;:&quot;\/r\/bio-et-ecologie\/epicerie-salee\/pates-riz-et-feculents&quot;},{&quot;name&quot;:&quot;Ap\u00e9ritifs&quot;,&quot;code&quot;:&quot;R02F05SF04&quot;,&quot;id&quot;:&quot;1854&quot;,&quot;type&quot;:&quot;RAYON&quot;,&quot;picto&quot;:null,&quot;level&quot;:3,&quot;sellerId&quot;:null,&quot;slug&quot;:&quot;aperitif&quot;,&quot;selected&quot;:false,&quot;children&quot;:null,&quot;layers&quot;:&quot;\/navigation\/1854\/layers&quot;,&quot;link&quot;:&quot;\/r\/bio-et-ecologie\/epicerie-salee\/aperitif&quot;},{&quot;name&quot;:&quot;Sauces et Condiments&quot;,&quot;code&quot;:&quot;R02F05SF05&quot;,&quot;id&quot;:&quot;1857&quot;,&quot;type&quot;:&quot;RAYON&quot;,&quot;picto&quot;:null,&quot;level&quot;:3,&quot;sellerId&quot;:null,&quot;slug&quot;:&quot;sauces-et-condiments&quot;,&quot;selected&quot;:false,&quot;children&quot;:null,&quot;layers&quot;:&quot;\/navigation\/1857\/layers&quot;,&quot;link&quot;:&quot;\/r\/bio-et-ecologie\/epicerie-salee\/sauces-et-condiments&quot;}],&quot;layers&quot;:&quot;\/navigation\/1853\/layers&quot;,&quot;link&quot;:&quot;\/r\/bio-et-ecologie\/epicerie-salee&quot;},{&quot;name&quot;:&quot;Epicerie sucr\u00e9e&quot;,&quot;code&quot;:&quot;R02F06&quot;,&quot;id&quot;:&quot;1859&quot;,&quot;type&quot;:&quot;RAYON&quot;,&quot;picto&quot;:&quot;https:\/\/media.carrefour.fr\/medias\/c825d8213dd43c1283b5d45fca6968ca\/p_96x96\/1859.jpg&quot;,&quot;level&quot;:2,&quot;sellerId&quot;:null,&quot;slug&quot;:&quot;epicerie-sucree&quot;,&quot;selected&quot;:false,&quot;children&quot;:[{&quot;name&quot;:&quot;Petit d\u00e9jeuner bio&quot;,&quot;code&quot;:&quot;R02F06SF01&quot;,&quot;id&quot;:&quot;1860&quot;,&quot;type&quot;:&quot;RAYON&quot;,&quot;picto&quot;:null,&quot;level&quot;:3,&quot;sellerId&quot;:null,&quot;slug&quot;:&quot;petit-dejeuner-bio&quot;,&quot;selected&quot;:false,&quot;children&quot;:null,&quot;layers&quot;:&quot;\/navigation\/1860\/layers&quot;,&quot;link&quot;:&quot;\/r\/bio-et-ecologie\/epicerie-sucree\/petit-dejeuner-bio&quot;},{&quot;name&quot;:&quot;Galettes de riz et Pains&quot;,&quot;code&quot;:&quot;R02F06SF02&quot;,&quot;id&quot;:&quot;1861&quot;,&quot;type&quot;:&quot;RAYON&quot;,&quot;picto&quot;:null,&quot;level&quot;:3,&quot;sellerId&quot;:null,&quot;slug&quot;:&quot;galettes-de-riz-et-pains&quot;,&quot;selected&quot;:false,&quot;children&quot;:null,&quot;layers&quot;:&quot;\/navigation\/1861\/layers&quot;,&quot;link&quot;:&quot;\/r\/bio-et-ecologie\/epicerie-sucree\/galettes-de-riz-et-pains&quot;},{&quot;name&quot;:&quot;Th\u00e9s, Caf\u00e9s et Infusions&quot;,&quot;code&quot;:&quot;R02F06SF03&quot;,&quot;id&quot;:&quot;1862&quot;,&quot;type&quot;:&quot;RAYON&quot;,&quot;picto&quot;:null,&quot;level&quot;:3,&quot;sellerId&quot;:null,&quot;slug&quot;:&quot;thes-cafes-et-infusions&quot;,&quot;selected&quot;:false,&quot;children&quot;:null,&quot;layers&quot;:&quot;\/navigation\/1862\/layers&quot;,&quot;link&quot;:&quot;\/r\/bio-et-ecologie\/epicerie-sucree\/thes-cafes-et-infusions&quot;},{&quot;name&quot;:&quot;Gouters, Biscuits et Chocolat&quot;,&quot;code&quot;:&quot;R02F06SF04&quot;,&quot;id&quot;:&quot;1863&quot;,&quot;type&quot;:&quot;RAYON&quot;,&quot;picto&quot;:null,&quot;level&quot;:3,&quot;sellerId&quot;:null,&quot;slug&quot;:&quot;gouters-biscuits-et-chocolat&quot;,&quot;selected&quot;:false,&quot;children&quot;:null,&quot;layers&quot;:&quot;\/navigation\/1863\/layers&quot;,&quot;link&quot;:&quot;\/r\/bio-et-ecologie\/epicerie-sucree\/gouters-biscuits-et-chocolat&quot;},{&quot;name&quot;:&quot;Desserts, Sucres et Farines&quot;,&quot;code&quot;:&quot;R02F06SF05&quot;,&quot;id&quot;:&quot;1864&quot;,&quot;type&quot;:&quot;RAYON&quot;,&quot;picto&quot;:null,&quot;level&quot;:3,&quot;sellerId&quot;:null,&quot;slug&quot;:&quot;desserts-sucres-et-farines&quot;,&quot;selected&quot;:false,&quot;children&quot;:null,&quot;layers&quot;:&quot;\/navigation\/1864\/layers&quot;,&quot;link&quot;:&quot;\/r\/bio-et-ecologie\/epicerie-sucree\/desserts-sucres-et-farines&quot;},{&quot;name&quot;:&quot;Compl\u00e9ments alimentaires&quot;,&quot;code&quot;:&quot;R02F06SF06&quot;,&quot;id&quot;:&quot;26855&quot;,&quot;type&quot;:&quot;RAYON&quot;,&quot;picto&quot;:null,&quot;level&quot;:3,&quot;sellerId&quot;:null,&quot;slug&quot;:&quot;complements-alimentaires&quot;,&quot;selected&quot;:false,&quot;children&quot;:null,&quot;layers&quot;:&quot;\/navigation\/26855\/layers&quot;,&quot;link&quot;:&quot;\/r\/bio-et-ecologie\/epicerie-sucree\/complements-alimentaires&quot;}],&quot;layers&quot;:&quot;\/navigation\/1859\/layers&quot;,&quot;link&quot;:&quot;\/r\/bio-et-ecologie\/epicerie-sucree&quot;},{&quot;name&quot;:&quot;Boissons&quot;,&quot;code&quot;:&quot;R02F07&quot;,&quot;id&quot;:&quot;1865&quot;,&quot;type&quot;:&quot;RAYON&quot;,&quot;picto&quot;:&quot;https:\/\/media.carrefour.fr\/medias\/8fea9c8ea7423541884d7ac8d5a007de\/p_96x96\/1865.jpg&quot;,&quot;level&quot;:2,&quot;sellerId&quot;:null,&quot;slug&quot;:&quot;boissons&quot;,&quot;selected&quot;:false,&quot;children&quot;:[{&quot;name&quot;:&quot;Vins, Cidres et Bi\u00e8res&quot;,&quot;code&quot;:&quot;R02F07SF01&quot;,&quot;id&quot;:&quot;1869&quot;,&quot;type&quot;:&quot;RAYON&quot;,&quot;picto&quot;:null,&quot;level&quot;:3,&quot;sellerId&quot;:null,&quot;slug&quot;:&quot;vins-cidres-et-bieres&quot;,&quot;selected&quot;:false,&quot;children&quot;:null,&quot;layers&quot;:&quot;\/navigation\/1869\/layers&quot;,&quot;link&quot;:&quot;\/r\/bio-et-ecologie\/boissons\/vins-cidres-et-bieres&quot;},{&quot;name&quot;:&quot;Jus de fruits&quot;,&quot;code&quot;:&quot;R02F07SF02&quot;,&quot;id&quot;:&quot;1866&quot;,&quot;type&quot;:&quot;RAYON&quot;,&quot;picto&quot;:null,&quot;level&quot;:3,&quot;sellerId&quot;:null,&quot;slug&quot;:&quot;jus-de-fruits&quot;,&quot;selected&quot;:false,&quot;children&quot;:null,&quot;layers&quot;:&quot;\/navigation\/1866\/layers&quot;,&quot;link&quot;:&quot;\/r\/bio-et-ecologie\/boissons\/jus-de-fruits&quot;},{&quot;name&quot;:&quot;Sodas, Th\u00e9s glac\u00e9s et Sirops&quot;,&quot;code&quot;:&quot;R02F07SF03&quot;,&quot;id&quot;:&quot;1867&quot;,&quot;type&quot;:&quot;RAYON&quot;,&quot;picto&quot;:null,&quot;level&quot;:3,&quot;sellerId&quot;:null,&quot;slug&quot;:&quot;sodas-thes-glaces-et-sirops&quot;,&quot;selected&quot;:false,&quot;children&quot;:null,&quot;layers&quot;:&quot;\/navigation\/1867\/layers&quot;,&quot;link&quot;:&quot;\/r\/bio-et-ecologie\/boissons\/sodas-thes-glaces-et-sirops&quot;},{&quot;name&quot;:&quot;Soja et Boissons v\u00e9g\u00e9tales&quot;,&quot;code&quot;:&quot;R02F07SF04&quot;,&quot;id&quot;:&quot;1868&quot;,&quot;type&quot;:&quot;RAYON&quot;,&quot;picto&quot;:null,&quot;level&quot;:3,&quot;sellerId&quot;:null,&quot;slug&quot;:&quot;soja-et-boissons-vegetales&quot;,&quot;selected&quot;:false,&quot;children&quot;:null,&quot;layers&quot;:&quot;\/navigation\/1868\/layers&quot;,&quot;link&quot;:&quot;\/r\/bio-et-ecologie\/boissons\/soja-et-boissons-vegetales&quot;}],&quot;layers&quot;:&quot;\/navigation\/1865\/layers&quot;,&quot;link&quot;:&quot;\/r\/bio-et-ecologie\/boissons&quot;},{&quot;name&quot;:&quot;B\u00e9b\u00e9&quot;,&quot;code&quot;:&quot;R02F08&quot;,&quot;id&quot;:&quot;1870&quot;,&quot;type&quot;:&quot;RAYON&quot;,&quot;picto&quot;:&quot;https:\/\/media.carrefour.fr\/medias\/acb3ecdbde2c35bba44afb490a3f6e9b\/p_96x96\/1870.jpg&quot;,&quot;level&quot;:2,&quot;sellerId&quot;:null,&quot;slug&quot;:&quot;bebe&quot;,&quot;selected&quot;:false,&quot;children&quot;:[{&quot;name&quot;:&quot;C\u00e9r\u00e9ales et Laits&quot;,&quot;code&quot;:&quot;R02F08SF01&quot;,&quot;id&quot;:&quot;1871&quot;,&quot;type&quot;:&quot;RAYON&quot;,&quot;picto&quot;:null,&quot;level&quot;:3,&quot;sellerId&quot;:null,&quot;slug&quot;:&quot;cereales-et-laits&quot;,&quot;selected&quot;:false,&quot;children&quot;:null,&quot;layers&quot;:&quot;\/navigation\/1871\/layers&quot;,&quot;link&quot;:&quot;\/r\/bio-et-ecologie\/bebe\/cereales-et-laits&quot;},{&quot;name&quot;:&quot;Repas b\u00e9b\u00e9&quot;,&quot;code&quot;:&quot;R02F08SF02&quot;,&quot;id&quot;:&quot;1872&quot;,&quot;type&quot;:&quot;RAYON&quot;,&quot;picto&quot;:null,&quot;level&quot;:3,&quot;sellerId&quot;:null,&quot;slug&quot;:&quot;repas-bebe&quot;,&quot;selected&quot;:false,&quot;children&quot;:null,&quot;layers&quot;:&quot;\/navigation\/1872\/layers&quot;,&quot;link&quot;:&quot;\/r\/bio-et-ecologie\/bebe\/repas-bebe&quot;},{&quot;name&quot;:&quot;Go\u00fbters et Desserts&quot;,&quot;code&quot;:&quot;R02F08SF03&quot;,&quot;id&quot;:&quot;1873&quot;,&quot;type&quot;:&quot;RAYON&quot;,&quot;picto&quot;:null,&quot;level&quot;:3,&quot;sellerId&quot;:null,&quot;slug&quot;:&quot;gouters-et-desserts&quot;,&quot;selected&quot;:false,&quot;children&quot;:null,&quot;layers&quot;:&quot;\/navigation\/1873\/layers&quot;,&quot;link&quot;:&quot;\/r\/bio-et-ecologie\/bebe\/gouters-et-desserts&quot;},{&quot;name&quot;:&quot;Pu\u00e9riculture et Hygi\u00e8ne&quot;,&quot;code&quot;:&quot;R02F08SF04&quot;,&quot;id&quot;:&quot;1874&quot;,&quot;type&quot;:&quot;RAYON&quot;,&quot;picto&quot;:null,&quot;level&quot;:3,&quot;sellerId&quot;:null,&quot;slug&quot;:&quot;puericulture-et-hygiene&quot;,&quot;selected&quot;:false,&quot;children&quot;:null,&quot;layers&quot;:&quot;\/navigation\/1874\/layers&quot;,&quot;link&quot;:&quot;\/r\/bio-et-ecologie\/bebe\/puericulture-et-hygiene&quot;}],&quot;layers&quot;:&quot;\/navigation\/1870\/layers&quot;,&quot;link&quot;:&quot;\/r\/bio-et-ecologie\/bebe&quot;},{&quot;name&quot;:&quot;Hygi\u00e8ne beaut\u00e9&quot;,&quot;code&quot;:&quot;R02F09&quot;,&quot;id&quot;:&quot;1875&quot;,&quot;type&quot;:&quot;RAYON&quot;,&quot;picto&quot;:&quot;https:\/\/media.carrefour.fr\/medias\/5706e478c9ea3e8aa512ce39a96feaea\/p_96x96\/1875.jpg&quot;,&quot;level&quot;:2,&quot;sellerId&quot;:null,&quot;slug&quot;:&quot;hygiene-beaute&quot;,&quot;selected&quot;:false,&quot;children&quot;:[{&quot;name&quot;:&quot;Soins corps&quot;,&quot;code&quot;:&quot;R02F09SF01&quot;,&quot;id&quot;:&quot;1876&quot;,&quot;type&quot;:&quot;RAYON&quot;,&quot;picto&quot;:null,&quot;level&quot;:3,&quot;sellerId&quot;:null,&quot;slug&quot;:&quot;soins-corps&quot;,&quot;selected&quot;:false,&quot;children&quot;:null,&quot;layers&quot;:&quot;\/navigation\/1876\/layers&quot;,&quot;link&quot;:&quot;\/r\/bio-et-ecologie\/hygiene-beaute\/soins-corps&quot;},{&quot;name&quot;:&quot;Soins visage&quot;,&quot;code&quot;:&quot;R02F09SF02&quot;,&quot;id&quot;:&quot;1877&quot;,&quot;type&quot;:&quot;RAYON&quot;,&quot;picto&quot;:null,&quot;level&quot;:3,&quot;sellerId&quot;:null,&quot;slug&quot;:&quot;soins-visage&quot;,&quot;selected&quot;:false,&quot;children&quot;:null,&quot;layers&quot;:&quot;\/navigation\/1877\/layers&quot;,&quot;link&quot;:&quot;\/r\/bio-et-ecologie\/hygiene-beaute\/soins-visage&quot;},{&quot;name&quot;:&quot;Soins cheveux&quot;,&quot;code&quot;:&quot;R02F09SF03&quot;,&quot;id&quot;:&quot;1878&quot;,&quot;type&quot;:&quot;RAYON&quot;,&quot;picto&quot;:null,&quot;level&quot;:3,&quot;sellerId&quot;:null,&quot;slug&quot;:&quot;soins-cheveux&quot;,&quot;selected&quot;:false,&quot;children&quot;:null,&quot;layers&quot;:&quot;\/navigation\/1878\/layers&quot;,&quot;link&quot;:&quot;\/r\/bio-et-ecologie\/hygiene-beaute\/soins-cheveux&quot;},{&quot;name&quot;:&quot;Huiles essentielles&quot;,&quot;code&quot;:&quot;R02F09SF04&quot;,&quot;id&quot;:&quot;1879&quot;,&quot;type&quot;:&quot;RAYON&quot;,&quot;picto&quot;:null,&quot;level&quot;:3,&quot;sellerId&quot;:null,&quot;slug&quot;:&quot;huiles-essentielles&quot;,&quot;selected&quot;:false,&quot;children&quot;:null,&quot;layers&quot;:&quot;\/navigation\/1879\/layers&quot;,&quot;link&quot;:&quot;\/r\/bio-et-ecologie\/hygiene-beaute\/huiles-essentielles&quot;}],&quot;layers&quot;:&quot;\/navigation\/1875\/layers&quot;,&quot;link&quot;:&quot;\/r\/bio-et-ecologie\/hygiene-beaute&quot;},{&quot;name&quot;:&quot;Produits m\u00e9nagers \u00e9cologiques&quot;,&quot;code&quot;:&quot;R02F10&quot;,&quot;id&quot;:&quot;1880&quot;,&quot;type&quot;:&quot;RAYON&quot;,&quot;picto&quot;:&quot;https:\/\/media.carrefour.fr\/medias\/ba74e049e6d1322bab6bfd7600b7ca77\/p_96x96\/1880.jpg&quot;,&quot;level&quot;:2,&quot;sellerId&quot;:null,&quot;slug&quot;:&quot;produits-menagers-ecologiques&quot;,&quot;selected&quot;:false,&quot;children&quot;:null,&quot;layers&quot;:&quot;\/navigation\/1880\/layers&quot;,&quot;link&quot;:&quot;\/r\/bio-et-ecologie\/produits-menagers-ecologiques&quot;},{&quot;name&quot;:&quot;Animaux&quot;,&quot;code&quot;:&quot;R02F11&quot;,&quot;id&quot;:&quot;1881&quot;,&quot;type&quot;:&quot;RAYON&quot;,&quot;picto&quot;:&quot;https:\/\/media.carrefour.fr\/medias\/9e88c4e8cdd435e49d97ad10868f4f26\/p_96x96\/1881.jpg&quot;,&quot;level&quot;:2,&quot;sellerId&quot;:null,&quot;slug&quot;:&quot;animaux&quot;,&quot;selected&quot;:false,&quot;children&quot;:null,&quot;layers&quot;:&quot;\/navigation\/1881\/layers&quot;,&quot;link&quot;:&quot;\/r\/bio-et-ecologie\/animaux&quot;}],&quot;layers&quot;:&quot;\/navigation\/1838\/layers&quot;,&quot;link&quot;:&quot;\/r\/bio-et-ecologie&quot;},{&quot;name&quot;:&quot;Fruits et L\u00e9gumes&quot;,&quot;code&quot;:&quot;R03&quot;,&quot;id&quot;:&quot;1882&quot;,&quot;type&quot;:&quot;RAYON&quot;,&quot;picto&quot;:&quot;https:\/\/media.carrefour.fr\/medias\/185e7fe99d4a39b5a6cca9e806324d3d\/p_96x96\/1882.jpg&quot;,&quot;level&quot;:1,&quot;sellerId&quot;:null,&quot;slug&quot;:&quot;fruits-et-legumes&quot;,&quot;selected&quot;:false,&quot;children&quot;:[{&quot;name&quot;:&quot;Fruits&quot;,&quot;code&quot;:&quot;R03F01&quot;,&quot;id&quot;:&quot;1883&quot;,&quot;type&quot;:&quot;RAYON&quot;,&quot;picto&quot;:&quot;https:\/\/media.carrefour.fr\/medias\/402b7e434a63351884a5f3c686a59f96\/p_96x96\/1883.jpg&quot;,&quot;level&quot;:2,&quot;sellerId&quot;:null,&quot;slug&quot;:&quot;fruits&quot;,&quot;selected&quot;:false,&quot;children&quot;:[{&quot;name&quot;:&quot;Fruits de saison&quot;,&quot;code&quot;:&quot;R03F01SF01&quot;,&quot;id&quot;:&quot;1884&quot;,&quot;type&quot;:&quot;RAYON&quot;,&quot;picto&quot;:null,&quot;level&quot;:3,&quot;sellerId&quot;:null,&quot;slug&quot;:&quot;fruits-de-saison&quot;,&quot;selected&quot;:false,&quot;children&quot;:null,&quot;layers&quot;:&quot;\/navigation\/1884\/layers&quot;,&quot;link&quot;:&quot;\/r\/fruits-et-legumes\/fruits\/fruits-de-saison&quot;},{&quot;name&quot;:&quot;Pommes, Poires et Raisins&quot;,&quot;code&quot;:&quot;R03F01SF02&quot;,&quot;id&quot;:&quot;28489&quot;,&quot;type&quot;:&quot;RAYON&quot;,&quot;picto&quot;:null,&quot;level&quot;:3,&quot;sellerId&quot;:null,&quot;slug&quot;:&quot;pommes-poires-et-raisins&quot;,&quot;selected&quot;:false,&quot;children&quot;:[{&quot;name&quot;:&quot;Pommes&quot;,&quot;code&quot;:&quot;R03F01SF02SS01&quot;,&quot;id&quot;:&quot;28490&quot;,&quot;type&quot;:&quot;RAYON&quot;,&quot;picto&quot;:null,&quot;level&quot;:4,&quot;sellerId&quot;:null,&quot;slug&quot;:&quot;pommes&quot;,&quot;selected&quot;:false,&quot;children&quot;:null,&quot;layers&quot;:&quot;\/navigation\/28490\/layers&quot;,&quot;link&quot;:&quot;\/r\/fruits-et-legumes\/fruits\/pommes-poires-et-raisins\/pommes&quot;},{&quot;name&quot;:&quot;Poires&quot;,&quot;code&quot;:&quot;R03F01SF02SS02&quot;,&quot;id&quot;:&quot;28491&quot;,&quot;type&quot;:&quot;RAYON&quot;,&quot;picto&quot;:null,&quot;level&quot;:4,&quot;sellerId&quot;:null,&quot;slug&quot;:&quot;poires&quot;,&quot;selected&quot;:false,&quot;children&quot;:null,&quot;layers&quot;:&quot;\/navigation\/28491\/layers&quot;,&quot;link&quot;:&quot;\/r\/fruits-et-legumes\/fruits\/pommes-poires-et-raisins\/poires&quot;},{&quot;name&quot;:&quot;Raisins&quot;,&quot;code&quot;:&quot;R03F01SF02SS03&quot;,&quot;id&quot;:&quot;28492&quot;,&quot;type&quot;:&quot;RAYON&quot;,&quot;picto&quot;:null,&quot;level&quot;:4,&quot;sellerId&quot;:null,&quot;slug&quot;:&quot;raisins&quot;,&quot;selected&quot;:false,&quot;children&quot;:null,&quot;layers&quot;:&quot;\/navigation\/28492\/layers&quot;,&quot;link&quot;:&quot;\/r\/fruits-et-legumes\/fruits\/pommes-poires-et-raisins\/raisins&quot;}],&quot;layers&quot;:&quot;\/navigation\/28489\/layers&quot;,&quot;link&quot;:&quot;\/r\/fruits-et-legumes\/fruits\/pommes-poires-et-raisins&quot;},{&quot;name&quot;:&quot;Agrumes&quot;,&quot;code&quot;:&quot;R03F01SF03&quot;,&quot;id&quot;:&quot;28493&quot;,&quot;type&quot;:&quot;RAYON&quot;,&quot;picto&quot;:null,&quot;level&quot;:3,&quot;sellerId&quot;:null,&quot;slug&quot;:&quot;agrumes&quot;,&quot;selected&quot;:false,&quot;children&quot;:[{&quot;name&quot;:&quot;Oranges&quot;,&quot;code&quot;:&quot;R03F01SF03SS01&quot;,&quot;id&quot;:&quot;28494&quot;,&quot;type&quot;:&quot;RAYON&quot;,&quot;picto&quot;:null,&quot;level&quot;:4,&quot;sellerId&quot;:null,&quot;slug&quot;:&quot;oranges&quot;,&quot;selected&quot;:false,&quot;children&quot;:null,&quot;layers&quot;:&quot;\/navigation\/28494\/layers&quot;,&quot;link&quot;:&quot;\/r\/fruits-et-legumes\/fruits\/agrumes\/oranges&quot;},{&quot;name&quot;:&quot;Pamplemousses&quot;,&quot;code&quot;:&quot;R03F01SF03SS02&quot;,&quot;id&quot;:&quot;28495&quot;,&quot;type&quot;:&quot;RAYON&quot;,&quot;picto&quot;:null,&quot;level&quot;:4,&quot;sellerId&quot;:null,&quot;slug&quot;:&quot;pamplemousses&quot;,&quot;selected&quot;:false,&quot;children&quot;:null,&quot;layers&quot;:&quot;\/navigation\/28495\/layers&quot;,&quot;link&quot;:&quot;\/r\/fruits-et-legumes\/fruits\/agrumes\/pamplemousses&quot;},{&quot;name&quot;:&quot;Cl\u00e9mentines&quot;,&quot;code&quot;:&quot;R03F01SF03SS03&quot;,&quot;id&quot;:&quot;28496&quot;,&quot;type&quot;:&quot;RAYON&quot;,&quot;picto&quot;:null,&quot;level&quot;:4,&quot;sellerId&quot;:null,&quot;slug&quot;:&quot;clementines&quot;,&quot;selected&quot;:false,&quot;children&quot;:null,&quot;layers&quot;:&quot;\/navigation\/28496\/layers&quot;,&quot;link&quot;:&quot;\/r\/fruits-et-legumes\/fruits\/agrumes\/clementines&quot;},{&quot;name&quot;:&quot;Citrons&quot;,&quot;code&quot;:&quot;R03F01SF03SS04&quot;,&quot;id&quot;:&quot;28497&quot;,&quot;type&quot;:&quot;RAYON&quot;,&quot;picto&quot;:null,&quot;level&quot;:4,&quot;sellerId&quot;:null,&quot;slug&quot;:&quot;citrons&quot;,&quot;selected&quot;:false,&quot;children&quot;:null,&quot;layers&quot;:&quot;\/navigation\/28497\/layers&quot;,&quot;link&quot;:&quot;\/r\/fruits-et-legumes\/fruits\/agrumes\/citrons&quot;}],&quot;layers&quot;:&quot;\/navigation\/28493\/layers&quot;,&quot;link&quot;:&quot;\/r\/fruits-et-legumes\/fruits\/agrumes&quot;},{&quot;name&quot;:&quot;Bananes et Kiwis&quot;,&quot;code&quot;:&quot;R03F01SF04&quot;,&quot;id&quot;:&quot;28480&quot;,&quot;type&quot;:&quot;RAYON&quot;,&quot;picto&quot;:null,&quot;level&quot;:3,&quot;sellerId&quot;:null,&quot;slug&quot;:&quot;bananes-et-kiwis&quot;,&quot;selected&quot;:false,&quot;children&quot;:[{&quot;name&quot;:&quot;Bananes&quot;,&quot;code&quot;:&quot;R03F01SF04SS01&quot;,&quot;id&quot;:&quot;28481&quot;,&quot;type&quot;:&quot;RAYON&quot;,&quot;picto&quot;:null,&quot;level&quot;:4,&quot;sellerId&quot;:null,&quot;slug&quot;:&quot;bananes&quot;,&quot;selected&quot;:false,&quot;children&quot;:null,&quot;layers&quot;:&quot;\/navigation\/28481\/layers&quot;,&quot;link&quot;:&quot;\/r\/fruits-et-legumes\/fruits\/bananes-et-kiwis\/bananes&quot;},{&quot;name&quot;:&quot;Kiwis&quot;,&quot;code&quot;:&quot;R03F01SF04SS02&quot;,&quot;id&quot;:&quot;28482&quot;,&quot;type&quot;:&quot;RAYON&quot;,&quot;picto&quot;:null,&quot;level&quot;:4,&quot;sellerId&quot;:null,&quot;slug&quot;:&quot;kiwis&quot;,&quot;selected&quot;:false,&quot;children&quot;:null,&quot;layers&quot;:&quot;\/navigation\/28482\/layers&quot;,&quot;link&quot;:&quot;\/r\/fruits-et-legumes\/fruits\/bananes-et-kiwis\/kiwis&quot;}],&quot;layers&quot;:&quot;\/navigation\/28480\/layers&quot;,&quot;link&quot;:&quot;\/r\/fruits-et-legumes\/fruits\/bananes-et-kiwis&quot;},{&quot;name&quot;:&quot;Fruits exotiques&quot;,&quot;code&quot;:&quot;R03F01SF05&quot;,&quot;id&quot;:&quot;28483&quot;,&quot;type&quot;:&quot;RAYON&quot;,&quot;picto&quot;:null,&quot;level&quot;:3,&quot;sellerId&quot;:null,&quot;slug&quot;:&quot;fruits-exotiques&quot;,&quot;selected&quot;:false,&quot;children&quot;:[{&quot;name&quot;:&quot;Ananas&quot;,&quot;code&quot;:&quot;R03F01SF05SS01&quot;,&quot;id&quot;:&quot;28484&quot;,&quot;type&quot;:&quot;RAYON&quot;,&quot;picto&quot;:null,&quot;level&quot;:4,&quot;sellerId&quot;:null,&quot;slug&quot;:&quot;ananas&quot;,&quot;selected&quot;:false,&quot;children&quot;:null,&quot;layers&quot;:&quot;\/navigation\/28484\/layers&quot;,&quot;link&quot;:&quot;\/r\/fruits-et-legumes\/fruits\/fruits-exotiques\/ananas&quot;},{&quot;name&quot;:&quot;Mangues&quot;,&quot;code&quot;:&quot;R03F01SF05SS02&quot;,&quot;id&quot;:&quot;28485&quot;,&quot;type&quot;:&quot;RAYON&quot;,&quot;picto&quot;:null,&quot;level&quot;:4,&quot;sellerId&quot;:null,&quot;slug&quot;:&quot;mangues&quot;,&quot;selected&quot;:false,&quot;children&quot;:null,&quot;layers&quot;:&quot;\/navigation\/28485\/layers&quot;,&quot;link&quot;:&quot;\/r\/fruits-et-legumes\/fruits\/fruits-exotiques\/mangues&quot;},{&quot;name&quot;:&quot;Litchis&quot;,&quot;code&quot;:&quot;R03F01SF05SS03&quot;,&quot;id&quot;:&quot;28486&quot;,&quot;type&quot;:&quot;RAYON&quot;,&quot;picto&quot;:null,&quot;level&quot;:4,&quot;sellerId&quot;:null,&quot;slug&quot;:&quot;litchis&quot;,&quot;selected&quot;:false,&quot;children&quot;:null,&quot;layers&quot;:&quot;\/navigation\/28486\/layers&quot;,&quot;link&quot;:&quot;\/r\/fruits-et-legumes\/fruits\/fruits-exotiques\/litchis&quot;},{&quot;name&quot;:&quot;Grenades&quot;,&quot;code&quot;:&quot;R03F01SF05SS04&quot;,&quot;id&quot;:&quot;28487&quot;,&quot;type&quot;:&quot;RAYON&quot;,&quot;picto&quot;:null,&quot;level&quot;:4,&quot;sellerId&quot;:null,&quot;slug&quot;:&quot;grenades&quot;,&quot;selected&quot;:false,&quot;children&quot;:null,&quot;layers&quot;:&quot;\/navigation\/28487\/layers&quot;,&quot;link&quot;:&quot;\/r\/fruits-et-legumes\/fruits\/fruits-exotiques\/grenades&quot;},{&quot;name&quot;:&quot;Autres fruits exotiques&quot;,&quot;code&quot;:&quot;R03F01SF05SS05&quot;,&quot;id&quot;:&quot;28488&quot;,&quot;type&quot;:&quot;RAYON&quot;,&quot;picto&quot;:null,&quot;level&quot;:4,&quot;sellerId&quot;:null,&quot;slug&quot;:&quot;autres-fruits-exotiques&quot;,&quot;selected&quot;:false,&quot;children&quot;:null,&quot;layers&quot;:&quot;\/navigation\/28488\/layers&quot;,&quot;link&quot;:&quot;\/r\/fruits-et-legumes\/fruits\/fruits-exotiques\/autres-fruits-exotiques&quot;}],&quot;layers&quot;:&quot;\/navigation\/28483\/layers&quot;,&quot;link&quot;:&quot;\/r\/fruits-et-legumes\/fruits\/fruits-exotiques&quot;},{&quot;name&quot;:&quot;Fruits rouges&quot;,&quot;code&quot;:&quot;R03F01SF06&quot;,&quot;id&quot;:&quot;28473&quot;,&quot;type&quot;:&quot;RAYON&quot;,&quot;picto&quot;:null,&quot;level&quot;:3,&quot;sellerId&quot;:null,&quot;slug&quot;:&quot;fruits-rouges&quot;,&quot;selected&quot;:false,&quot;children&quot;:[{&quot;name&quot;:&quot;Fraises&quot;,&quot;code&quot;:&quot;R03F01SF06SS01&quot;,&quot;id&quot;:&quot;28474&quot;,&quot;type&quot;:&quot;RAYON&quot;,&quot;picto&quot;:null,&quot;level&quot;:4,&quot;sellerId&quot;:null,&quot;slug&quot;:&quot;fraises&quot;,&quot;selected&quot;:false,&quot;children&quot;:null,&quot;layers&quot;:&quot;\/navigation\/28474\/layers&quot;,&quot;link&quot;:&quot;\/r\/fruits-et-legumes\/fruits\/fruits-rouges\/fraises&quot;},{&quot;name&quot;:&quot;Framboises&quot;,&quot;code&quot;:&quot;R03F01SF06SS02&quot;,&quot;id&quot;:&quot;28475&quot;,&quot;type&quot;:&quot;RAYON&quot;,&quot;picto&quot;:null,&quot;level&quot;:4,&quot;sellerId&quot;:null,&quot;slug&quot;:&quot;framboises&quot;,&quot;selected&quot;:false,&quot;children&quot;:null,&quot;layers&quot;:&quot;\/navigation\/28475\/layers&quot;,&quot;link&quot;:&quot;\/r\/fruits-et-legumes\/fruits\/fruits-rouges\/framboises&quot;},{&quot;name&quot;:&quot;Cerises&quot;,&quot;code&quot;:&quot;R03F01SF06SS03&quot;,&quot;id&quot;:&quot;28476&quot;,&quot;type&quot;:&quot;RAYON&quot;,&quot;picto&quot;:null,&quot;level&quot;:4,&quot;sellerId&quot;:null,&quot;slug&quot;:&quot;cerises&quot;,&quot;selected&quot;:false,&quot;children&quot;:null,&quot;layers&quot;:&quot;\/navigation\/28476\/layers&quot;,&quot;link&quot;:&quot;\/r\/fruits-et-legumes\/fruits\/fruits-rouges\/cerises&quot;},{&quot;name&quot;:&quot;Figues&quot;,&quot;code&quot;:&quot;R03F01SF06SS04&quot;,&quot;id&quot;:&quot;28477&quot;,&quot;type&quot;:&quot;RAYON&quot;,&quot;picto&quot;:null,&quot;level&quot;:4,&quot;sellerId&quot;:null,&quot;slug&quot;:&quot;figues&quot;,&quot;selected&quot;:false,&quot;children&quot;:null,&quot;layers&quot;:&quot;\/navigation\/28477\/layers&quot;,&quot;link&quot;:&quot;\/r\/fruits-et-legumes\/fruits\/fruits-rouges\/figues&quot;},{&quot;name&quot;:&quot;Myrtilles&quot;,&quot;code&quot;:&quot;R03F01SF06SS05&quot;,&quot;id&quot;:&quot;28478&quot;,&quot;type&quot;:&quot;RAYON&quot;,&quot;picto&quot;:null,&quot;level&quot;:4,&quot;sellerId&quot;:null,&quot;slug&quot;:&quot;myrtilles&quot;,&quot;selected&quot;:false,&quot;children&quot;:null,&quot;layers&quot;:&quot;\/navigation\/28478\/layers&quot;,&quot;link&quot;:&quot;\/r\/fruits-et-legumes\/fruits\/fruits-rouges\/myrtilles&quot;},{&quot;name&quot;:&quot;Groseilles&quot;,&quot;code&quot;:&quot;R03F01SF06SS06&quot;,&quot;id&quot;:&quot;28479&quot;,&quot;type&quot;:&quot;RAYON&quot;,&quot;picto&quot;:null,&quot;level&quot;:4,&quot;sellerId&quot;:null,&quot;slug&quot;:&quot;groseilles&quot;,&quot;selected&quot;:false,&quot;children&quot;:null,&quot;layers&quot;:&quot;\/navigation\/28479\/layers&quot;,&quot;link&quot;:&quot;\/r\/fruits-et-legumes\/fruits\/fruits-rouges\/groseilles&quot;},{&quot;name&quot;:&quot;M\u00fbres&quot;,&quot;code&quot;:&quot;R03F01SF06SS07&quot;,&quot;id&quot;:&quot;28558&quot;,&quot;type&quot;:&quot;RAYON&quot;,&quot;picto&quot;:null,&quot;level&quot;:4,&quot;sellerId&quot;:null,&quot;slug&quot;:&quot;mures&quot;,&quot;selected&quot;:false,&quot;children&quot;:null,&quot;layers&quot;:&quot;\/navigation\/28558\/layers&quot;,&quot;link&quot;:&quot;\/r\/fruits-et-legumes\/fruits\/fruits-rouges\/mures&quot;}],&quot;layers&quot;:&quot;\/navigation\/28473\/layers&quot;,&quot;link&quot;:&quot;\/r\/fruits-et-legumes\/fruits\/fruits-rouges&quot;},{&quot;name&quot;:&quot;Prunes, P\u00eaches, Nectarines, Abricots&quot;,&quot;code&quot;:&quot;R03F01SF07&quot;,&quot;id&quot;:&quot;28465&quot;,&quot;type&quot;:&quot;RAYON&quot;,&quot;picto&quot;:null,&quot;level&quot;:3,&quot;sellerId&quot;:null,&quot;slug&quot;:&quot;prunes-peches-nectarines-abricots&quot;,&quot;selected&quot;:false,&quot;children&quot;:[{&quot;name&quot;:&quot;Prunes&quot;,&quot;code&quot;:&quot;R03F01SF07SS01&quot;,&quot;id&quot;:&quot;28466&quot;,&quot;type&quot;:&quot;RAYON&quot;,&quot;picto&quot;:null,&quot;level&quot;:4,&quot;sellerId&quot;:null,&quot;slug&quot;:&quot;prunes&quot;,&quot;selected&quot;:false,&quot;children&quot;:null,&quot;layers&quot;:&quot;\/navigation\/28466\/layers&quot;,&quot;link&quot;:&quot;\/r\/fruits-et-legumes\/fruits\/prunes-peches-nectarines-abricots\/prunes&quot;},{&quot;name&quot;:&quot;Abricots&quot;,&quot;code&quot;:&quot;R03F01SF07SS02&quot;,&quot;id&quot;:&quot;28467&quot;,&quot;type&quot;:&quot;RAYON&quot;,&quot;picto&quot;:null,&quot;level&quot;:4,&quot;sellerId&quot;:null,&quot;slug&quot;:&quot;abricots&quot;,&quot;selected&quot;:false,&quot;children&quot;:null,&quot;layers&quot;:&quot;\/navigation\/28467\/layers&quot;,&quot;link&quot;:&quot;\/r\/fruits-et-legumes\/fruits\/prunes-peches-nectarines-abricots\/abricots&quot;},{&quot;name&quot;:&quot;P\u00eaches&quot;,&quot;code&quot;:&quot;R03F01SF07SS03&quot;,&quot;id&quot;:&quot;28468&quot;,&quot;type&quot;:&quot;RAYON&quot;,&quot;picto&quot;:null,&quot;level&quot;:4,&quot;sellerId&quot;:null,&quot;slug&quot;:&quot;peches&quot;,&quot;selected&quot;:false,&quot;children&quot;:null,&quot;layers&quot;:&quot;\/navigation\/28468\/layers&quot;,&quot;link&quot;:&quot;\/r\/fruits-et-legumes\/fruits\/prunes-peches-nectarines-abricots\/peches&quot;},{&quot;name&quot;:&quot;Nectarines&quot;,&quot;code&quot;:&quot;R03F01SF07SS04&quot;,&quot;id&quot;:&quot;28469&quot;,&quot;type&quot;:&quot;RAYON&quot;,&quot;picto&quot;:null,&quot;level&quot;:4,&quot;sellerId&quot;:null,&quot;slug&quot;:&quot;nectarines&quot;,&quot;selected&quot;:false,&quot;children&quot;:null,&quot;layers&quot;:&quot;\/navigation\/28469\/layers&quot;,&quot;link&quot;:&quot;\/r\/fruits-et-legumes\/fruits\/prunes-peches-nectarines-abricots\/nectarines&quot;}],&quot;layers&quot;:&quot;\/navigation\/28465\/layers&quot;,&quot;link&quot;:&quot;\/r\/fruits-et-legumes\/fruits\/prunes-peches-nectarines-abricots&quot;},{&quot;name&quot;:&quot;Melons et Past\u00e8ques&quot;,&quot;code&quot;:&quot;R03F01SF08&quot;,&quot;id&quot;:&quot;28470&quot;,&quot;type&quot;:&quot;RAYON&quot;,&quot;picto&quot;:null,&quot;level&quot;:3,&quot;sellerId&quot;:null,&quot;slug&quot;:&quot;melons-et-pasteques&quot;,&quot;selected&quot;:false,&quot;children&quot;:[{&quot;name&quot;:&quot;Melons&quot;,&quot;code&quot;:&quot;R03F01SF08SS01&quot;,&quot;id&quot;:&quot;28471&quot;,&quot;type&quot;:&quot;RAYON&quot;,&quot;picto&quot;:null,&quot;level&quot;:4,&quot;sellerId&quot;:null,&quot;slug&quot;:&quot;melons&quot;,&quot;selected&quot;:false,&quot;children&quot;:null,&quot;layers&quot;:&quot;\/navigation\/28471\/layers&quot;,&quot;link&quot;:&quot;\/r\/fruits-et-legumes\/fruits\/melons-et-pasteques\/melons&quot;},{&quot;name&quot;:&quot;Past\u00e8ques&quot;,&quot;code&quot;:&quot;R03F01SF08SS02&quot;,&quot;id&quot;:&quot;28472&quot;,&quot;type&quot;:&quot;RAYON&quot;,&quot;picto&quot;:null,&quot;level&quot;:4,&quot;sellerId&quot;:null,&quot;slug&quot;:&quot;pasteques&quot;,&quot;selected&quot;:false,&quot;children&quot;:null,&quot;layers&quot;:&quot;\/navigation\/28472\/layers&quot;,&quot;link&quot;:&quot;\/r\/fruits-et-legumes\/fruits\/melons-et-pasteques\/pasteques&quot;}],&quot;layers&quot;:&quot;\/navigation\/28470\/layers&quot;,&quot;link&quot;:&quot;\/r\/fruits-et-legumes\/fruits\/melons-et-pasteques&quot;}],&quot;layers&quot;:&quot;\/navigation\/1883\/layers&quot;,&quot;link&quot;:&quot;\/r\/fruits-et-legumes\/fruits&quot;},{&quot;name&quot;:&quot;L\u00e9gumes&quot;,&quot;code&quot;:&quot;R03F02&quot;,&quot;id&quot;:&quot;1892&quot;,&quot;type&quot;:&quot;RAYON&quot;,&quot;picto&quot;:&quot;https:\/\/media.carrefour.fr\/medias\/bae3a9a0f7f03973bb40a39de2c8fd0c\/p_96x96\/1892.jpg&quot;,&quot;level&quot;:2,&quot;sellerId&quot;:null,&quot;slug&quot;:&quot;legumes&quot;,&quot;selected&quot;:false,&quot;children&quot;:[{&quot;name&quot;:&quot;L\u00e9gumes de saison&quot;,&quot;code&quot;:&quot;R03F02SF01&quot;,&quot;id&quot;:&quot;1893&quot;,&quot;type&quot;:&quot;RAYON&quot;,&quot;picto&quot;:null,&quot;level&quot;:3,&quot;sellerId&quot;:null,&quot;slug&quot;:&quot;legumes-de-saison&quot;,&quot;selected&quot;:false,&quot;children&quot;:null,&quot;layers&quot;:&quot;\/navigation\/1893\/layers&quot;,&quot;link&quot;:&quot;\/r\/fruits-et-legumes\/legumes\/legumes-de-saison&quot;},{&quot;name&quot;:&quot;Choux, Poireaux, Navets et C\u00e9leris&quot;,&quot;code&quot;:&quot;R03F02SF02&quot;,&quot;id&quot;:&quot;28512&quot;,&quot;type&quot;:&quot;RAYON&quot;,&quot;picto&quot;:null,&quot;level&quot;:3,&quot;sellerId&quot;:null,&quot;slug&quot;:&quot;choux-poireaux-navets-et-celeris&quot;,&quot;selected&quot;:false,&quot;children&quot;:[{&quot;name&quot;:&quot;Choux-fleur&quot;,&quot;code&quot;:&quot;R03F02SF02SS01&quot;,&quot;id&quot;:&quot;28513&quot;,&quot;type&quot;:&quot;RAYON&quot;,&quot;picto&quot;:null,&quot;level&quot;:4,&quot;sellerId&quot;:null,&quot;slug&quot;:&quot;choux-fleur&quot;,&quot;selected&quot;:false,&quot;children&quot;:null,&quot;layers&quot;:&quot;\/navigation\/28513\/layers&quot;,&quot;link&quot;:&quot;\/r\/fruits-et-legumes\/legumes\/choux-poireaux-navets-et-celeris\/choux-fleur&quot;},{&quot;name&quot;:&quot;Choux&quot;,&quot;code&quot;:&quot;R03F02SF02SS02&quot;,&quot;id&quot;:&quot;28514&quot;,&quot;type&quot;:&quot;RAYON&quot;,&quot;picto&quot;:null,&quot;level&quot;:4,&quot;sellerId&quot;:null,&quot;slug&quot;:&quot;choux&quot;,&quot;selected&quot;:false,&quot;children&quot;:null,&quot;layers&quot;:&quot;\/navigation\/28514\/layers&quot;,&quot;link&quot;:&quot;\/r\/fruits-et-legumes\/legumes\/choux-poireaux-navets-et-celeris\/choux&quot;},{&quot;name&quot;:&quot;Poireaux&quot;,&quot;code&quot;:&quot;R03F02SF02SS03&quot;,&quot;id&quot;:&quot;28515&quot;,&quot;type&quot;:&quot;RAYON&quot;,&quot;picto&quot;:null,&quot;level&quot;:4,&quot;sellerId&quot;:null,&quot;slug&quot;:&quot;poireaux&quot;,&quot;selected&quot;:false,&quot;children&quot;:null,&quot;layers&quot;:&quot;\/navigation\/28515\/layers&quot;,&quot;link&quot;:&quot;\/r\/fruits-et-legumes\/legumes\/choux-poireaux-navets-et-celeris\/poireaux&quot;},{&quot;name&quot;:&quot;Navets&quot;,&quot;code&quot;:&quot;R03F02SF02SS04&quot;,&quot;id&quot;:&quot;28516&quot;,&quot;type&quot;:&quot;RAYON&quot;,&quot;picto&quot;:null,&quot;level&quot;:4,&quot;sellerId&quot;:null,&quot;slug&quot;:&quot;navets&quot;,&quot;selected&quot;:false,&quot;children&quot;:null,&quot;layers&quot;:&quot;\/navigation\/28516\/layers&quot;,&quot;link&quot;:&quot;\/r\/fruits-et-legumes\/legumes\/choux-poireaux-navets-et-celeris\/navets&quot;},{&quot;name&quot;:&quot;C\u00e9leris&quot;,&quot;code&quot;:&quot;R03F02SF02SS05&quot;,&quot;id&quot;:&quot;28517&quot;,&quot;type&quot;:&quot;RAYON&quot;,&quot;picto&quot;:null,&quot;level&quot;:4,&quot;sellerId&quot;:null,&quot;slug&quot;:&quot;celeries&quot;,&quot;selected&quot;:false,&quot;children&quot;:null,&quot;layers&quot;:&quot;\/navigation\/28517\/layers&quot;,&quot;link&quot;:&quot;\/r\/fruits-et-legumes\/legumes\/choux-poireaux-navets-et-celeris\/celeries&quot;}],&quot;layers&quot;:&quot;\/navigation\/28512\/layers&quot;,&quot;link&quot;:&quot;\/r\/fruits-et-legumes\/legumes\/choux-poireaux-navets-et-celeris&quot;},{&quot;name&quot;:&quot;Carottes et Pommes de terre&quot;,&quot;code&quot;:&quot;R03F02SF03&quot;,&quot;id&quot;:&quot;28518&quot;,&quot;type&quot;:&quot;RAYON&quot;,&quot;picto&quot;:null,&quot;level&quot;:3,&quot;sellerId&quot;:null,&quot;slug&quot;:&quot;carottes-et-pommes-de-terre&quot;,&quot;selected&quot;:false,&quot;children&quot;:[{&quot;name&quot;:&quot;Carottes&quot;,&quot;code&quot;:&quot;R03F02SF03SS01&quot;,&quot;id&quot;:&quot;28519&quot;,&quot;type&quot;:&quot;RAYON&quot;,&quot;picto&quot;:null,&quot;level&quot;:4,&quot;sellerId&quot;:null,&quot;slug&quot;:&quot;carottes&quot;,&quot;selected&quot;:false,&quot;children&quot;:null,&quot;layers&quot;:&quot;\/navigation\/28519\/layers&quot;,&quot;link&quot;:&quot;\/r\/fruits-et-legumes\/legumes\/carottes-et-pommes-de-terre\/carottes&quot;},{&quot;name&quot;:&quot;Pommes de terre primeurs&quot;,&quot;code&quot;:&quot;R03F02SF03SS02&quot;,&quot;id&quot;:&quot;28520&quot;,&quot;type&quot;:&quot;RAYON&quot;,&quot;picto&quot;:null,&quot;level&quot;:4,&quot;sellerId&quot;:null,&quot;slug&quot;:&quot;pommes-de-terre-primeur&quot;,&quot;selected&quot;:false,&quot;children&quot;:null,&quot;layers&quot;:&quot;\/navigation\/28520\/layers&quot;,&quot;link&quot;:&quot;\/r\/fruits-et-legumes\/legumes\/carottes-et-pommes-de-terre\/pommes-de-terre-primeur&quot;},{&quot;name&quot;:&quot;Pommes de terre blanches&quot;,&quot;code&quot;:&quot;R03F02SF03SS03&quot;,&quot;id&quot;:&quot;28521&quot;,&quot;type&quot;:&quot;RAYON&quot;,&quot;picto&quot;:null,&quot;level&quot;:4,&quot;sellerId&quot;:null,&quot;slug&quot;:&quot;pommes-de-terre-blanche&quot;,&quot;selected&quot;:false,&quot;children&quot;:null,&quot;layers&quot;:&quot;\/navigation\/28521\/layers&quot;,&quot;link&quot;:&quot;\/r\/fruits-et-legumes\/legumes\/carottes-et-pommes-de-terre\/pommes-de-terre-blanche&quot;},{&quot;name&quot;:&quot;Pommes de terre rouges&quot;,&quot;code&quot;:&quot;R03F02SF03SS04&quot;,&quot;id&quot;:&quot;28522&quot;,&quot;type&quot;:&quot;RAYON&quot;,&quot;picto&quot;:null,&quot;level&quot;:4,&quot;sellerId&quot;:null,&quot;slug&quot;:&quot;pommes-de-terre-blanche&quot;,&quot;selected&quot;:false,&quot;children&quot;:null,&quot;layers&quot;:&quot;\/navigation\/28522\/layers&quot;,&quot;link&quot;:&quot;\/r\/fruits-et-legumes\/legumes\/carottes-et-pommes-de-terre\/pommes-de-terre-blanche&quot;},{&quot;name&quot;:&quot;Patates douces&quot;,&quot;code&quot;:&quot;R03F02SF03SS05&quot;,&quot;id&quot;:&quot;28523&quot;,&quot;type&quot;:&quot;RAYON&quot;,&quot;picto&quot;:null,&quot;level&quot;:4,&quot;sellerId&quot;:null,&quot;slug&quot;:&quot;patates-douces&quot;,&quot;selected&quot;:false,&quot;children&quot;:null,&quot;layers&quot;:&quot;\/navigation\/28523\/layers&quot;,&quot;link&quot;:&quot;\/r\/fruits-et-legumes\/legumes\/carottes-et-pommes-de-terre\/patates-douces&quot;}],&quot;layers&quot;:&quot;\/navigation\/28518\/layers&quot;,&quot;link&quot;:&quot;\/r\/fruits-et-legumes\/legumes\/carottes-et-pommes-de-terre&quot;},{&quot;name&quot;:&quot;Potirons, Courges et L\u00e9gumes anciens&quot;,&quot;code&quot;:&quot;R03F02SF04&quot;,&quot;id&quot;:&quot;28534&quot;,&quot;type&quot;:&quot;RAYON&quot;,&quot;picto&quot;:null,&quot;level&quot;:3,&quot;sellerId&quot;:null,&quot;slug&quot;:&quot;potirons-courges-et-legumes-anciens&quot;,&quot;selected&quot;:false,&quot;children&quot;:[{&quot;name&quot;:&quot;Potirons&quot;,&quot;code&quot;:&quot;R03F02SF04SS01&quot;,&quot;id&quot;:&quot;28535&quot;,&quot;type&quot;:&quot;RAYON&quot;,&quot;picto&quot;:null,&quot;level&quot;:4,&quot;sellerId&quot;:null,&quot;slug&quot;:&quot;potirons&quot;,&quot;selected&quot;:false,&quot;children&quot;:null,&quot;layers&quot;:&quot;\/navigation\/28535\/layers&quot;,&quot;link&quot;:&quot;\/r\/fruits-et-legumes\/legumes\/potirons-courges-et-legumes-anciens\/potirons&quot;},{&quot;name&quot;:&quot;Courges&quot;,&quot;code&quot;:&quot;R03F02SF04SS02&quot;,&quot;id&quot;:&quot;28536&quot;,&quot;type&quot;:&quot;RAYON&quot;,&quot;picto&quot;:null,&quot;level&quot;:4,&quot;sellerId&quot;:null,&quot;slug&quot;:&quot;courges&quot;,&quot;selected&quot;:false,&quot;children&quot;:null,&quot;layers&quot;:&quot;\/navigation\/28536\/layers&quot;,&quot;link&quot;:&quot;\/r\/fruits-et-legumes\/legumes\/potirons-courges-et-legumes-anciens\/courges&quot;},{&quot;name&quot;:&quot;L\u00e9gumes anciens&quot;,&quot;code&quot;:&quot;R03F02SF04SS03&quot;,&quot;id&quot;:&quot;28537&quot;,&quot;type&quot;:&quot;RAYON&quot;,&quot;picto&quot;:null,&quot;level&quot;:4,&quot;sellerId&quot;:null,&quot;slug&quot;:&quot;legumes-anciens&quot;,&quot;selected&quot;:false,&quot;children&quot;:null,&quot;layers&quot;:&quot;\/navigation\/28537\/layers&quot;,&quot;link&quot;:&quot;\/r\/fruits-et-legumes\/legumes\/potirons-courges-et-legumes-anciens\/legumes-anciens&quot;}],&quot;layers&quot;:&quot;\/navigation\/28534\/layers&quot;,&quot;link&quot;:&quot;\/r\/fruits-et-legumes\/legumes\/potirons-courges-et-legumes-anciens&quot;},{&quot;name&quot;:&quot;L\u00e9gumes verts et Asperges&quot;,&quot;code&quot;:&quot;R03F02SF05&quot;,&quot;id&quot;:&quot;28524&quot;,&quot;type&quot;:&quot;RAYON&quot;,&quot;picto&quot;:null,&quot;level&quot;:3,&quot;sellerId&quot;:null,&quot;slug&quot;:&quot;legumes-verts-et-asperges&quot;,&quot;selected&quot;:false,&quot;children&quot;:[{&quot;name&quot;:&quot;Asperges&quot;,&quot;code&quot;:&quot;R03F02SF05SS01&quot;,&quot;id&quot;:&quot;28525&quot;,&quot;type&quot;:&quot;RAYON&quot;,&quot;picto&quot;:null,&quot;level&quot;:4,&quot;sellerId&quot;:null,&quot;slug&quot;:&quot;asperges&quot;,&quot;selected&quot;:false,&quot;children&quot;:null,&quot;layers&quot;:&quot;\/navigation\/28525\/layers&quot;,&quot;link&quot;:&quot;\/r\/fruits-et-legumes\/legumes\/legumes-verts-et-asperges\/asperges&quot;},{&quot;name&quot;:&quot;Haricots&quot;,&quot;code&quot;:&quot;R03F02SF05SS02&quot;,&quot;id&quot;:&quot;28526&quot;,&quot;type&quot;:&quot;RAYON&quot;,&quot;picto&quot;:null,&quot;level&quot;:4,&quot;sellerId&quot;:null,&quot;slug&quot;:&quot;haricots&quot;,&quot;selected&quot;:false,&quot;children&quot;:null,&quot;layers&quot;:&quot;\/navigation\/28526\/layers&quot;,&quot;link&quot;:&quot;\/r\/fruits-et-legumes\/legumes\/legumes-verts-et-asperges\/haricots&quot;},{&quot;name&quot;:&quot;Brocolis&quot;,&quot;code&quot;:&quot;R03F02SF05SS03&quot;,&quot;id&quot;:&quot;28527&quot;,&quot;type&quot;:&quot;RAYON&quot;,&quot;picto&quot;:null,&quot;level&quot;:4,&quot;sellerId&quot;:null,&quot;slug&quot;:&quot;brocolis&quot;,&quot;selected&quot;:false,&quot;children&quot;:null,&quot;layers&quot;:&quot;\/navigation\/28527\/layers&quot;,&quot;link&quot;:&quot;\/r\/fruits-et-legumes\/legumes\/legumes-verts-et-asperges\/brocolis&quot;},{&quot;name&quot;:&quot;Artichauts&quot;,&quot;code&quot;:&quot;R03F02SF05SS04&quot;,&quot;id&quot;:&quot;28559&quot;,&quot;type&quot;:&quot;RAYON&quot;,&quot;picto&quot;:null,&quot;level&quot;:4,&quot;sellerId&quot;:null,&quot;slug&quot;:&quot;artichauts&quot;,&quot;selected&quot;:false,&quot;children&quot;:null,&quot;layers&quot;:&quot;\/navigation\/28559\/layers&quot;,&quot;link&quot;:&quot;\/r\/fruits-et-legumes\/legumes\/legumes-verts-et-asperges\/artichauts&quot;},{&quot;name&quot;:&quot;Autres l\u00e9gumes verts&quot;,&quot;code&quot;:&quot;R03F02SF05SS05&quot;,&quot;id&quot;:&quot;28528&quot;,&quot;type&quot;:&quot;RAYON&quot;,&quot;picto&quot;:null,&quot;level&quot;:4,&quot;sellerId&quot;:null,&quot;slug&quot;:&quot;autres-legumes-verts&quot;,&quot;selected&quot;:false,&quot;children&quot;:null,&quot;layers&quot;:&quot;\/navigation\/28528\/layers&quot;,&quot;link&quot;:&quot;\/r\/fruits-et-legumes\/legumes\/legumes-verts-et-asperges\/autres-legumes-verts&quot;}],&quot;layers&quot;:&quot;\/navigation\/28524\/layers&quot;,&quot;link&quot;:&quot;\/r\/fruits-et-legumes\/legumes\/legumes-verts-et-asperges&quot;},{&quot;name&quot;:&quot;Champignons&quot;,&quot;code&quot;:&quot;R03F02SF06&quot;,&quot;id&quot;:&quot;1898&quot;,&quot;type&quot;:&quot;RAYON&quot;,&quot;picto&quot;:null,&quot;level&quot;:3,&quot;sellerId&quot;:null,&quot;slug&quot;:&quot;champignons&quot;,&quot;selected&quot;:false,&quot;children&quot;:null,&quot;layers&quot;:&quot;\/navigation\/1898\/layers&quot;,&quot;link&quot;:&quot;\/r\/fruits-et-legumes\/legumes\/champignons&quot;},{&quot;name&quot;:&quot;Salades et Tomates&quot;,&quot;code&quot;:&quot;R03F02SF07&quot;,&quot;id&quot;:&quot;28507&quot;,&quot;type&quot;:&quot;RAYON&quot;,&quot;picto&quot;:null,&quot;level&quot;:3,&quot;sellerId&quot;:null,&quot;slug&quot;:&quot;salades-et-tomates&quot;,&quot;selected&quot;:false,&quot;children&quot;:[{&quot;name&quot;:&quot;Salades&quot;,&quot;code&quot;:&quot;R03F02SF07SS01&quot;,&quot;id&quot;:&quot;28508&quot;,&quot;type&quot;:&quot;RAYON&quot;,&quot;picto&quot;:null,&quot;level&quot;:4,&quot;sellerId&quot;:null,&quot;slug&quot;:&quot;salades&quot;,&quot;selected&quot;:false,&quot;children&quot;:null,&quot;layers&quot;:&quot;\/navigation\/28508\/layers&quot;,&quot;link&quot;:&quot;\/r\/fruits-et-legumes\/legumes\/salades-et-tomates\/salades&quot;},{&quot;name&quot;:&quot;Endives&quot;,&quot;code&quot;:&quot;R03F02SF07SS02&quot;,&quot;id&quot;:&quot;28509&quot;,&quot;type&quot;:&quot;RAYON&quot;,&quot;picto&quot;:null,&quot;level&quot;:4,&quot;sellerId&quot;:null,&quot;slug&quot;:&quot;endives&quot;,&quot;selected&quot;:false,&quot;children&quot;:null,&quot;layers&quot;:&quot;\/navigation\/28509\/layers&quot;,&quot;link&quot;:&quot;\/r\/fruits-et-legumes\/legumes\/salades-et-tomates\/endives&quot;},{&quot;name&quot;:&quot;Tomates&quot;,&quot;code&quot;:&quot;R03F02SF07SS03&quot;,&quot;id&quot;:&quot;28510&quot;,&quot;type&quot;:&quot;RAYON&quot;,&quot;picto&quot;:null,&quot;level&quot;:4,&quot;sellerId&quot;:null,&quot;slug&quot;:&quot;tomates&quot;,&quot;selected&quot;:false,&quot;children&quot;:null,&quot;layers&quot;:&quot;\/navigation\/28510\/layers&quot;,&quot;link&quot;:&quot;\/r\/fruits-et-legumes\/legumes\/salades-et-tomates\/tomates&quot;},{&quot;name&quot;:&quot;Tomates cerises&quot;,&quot;code&quot;:&quot;R03F02SF07SS04&quot;,&quot;id&quot;:&quot;28511&quot;,&quot;type&quot;:&quot;RAYON&quot;,&quot;picto&quot;:null,&quot;level&quot;:4,&quot;sellerId&quot;:null,&quot;slug&quot;:&quot;tomates-cerises&quot;,&quot;selected&quot;:false,&quot;children&quot;:null,&quot;layers&quot;:&quot;\/navigation\/28511\/layers&quot;,&quot;link&quot;:&quot;\/r\/fruits-et-legumes\/legumes\/salades-et-tomates\/tomates-cerises&quot;}],&quot;layers&quot;:&quot;\/navigation\/28507\/layers&quot;,&quot;link&quot;:&quot;\/r\/fruits-et-legumes\/legumes\/salades-et-tomates&quot;},{&quot;name&quot;:&quot;Concombres, Avocats, Betteraves et Radis&quot;,&quot;code&quot;:&quot;R03F02SF08&quot;,&quot;id&quot;:&quot;28502&quot;,&quot;type&quot;:&quot;RAYON&quot;,&quot;picto&quot;:null,&quot;level&quot;:3,&quot;sellerId&quot;:null,&quot;slug&quot;:&quot;concombres-avocats-betteraves-et-radis&quot;,&quot;selected&quot;:false,&quot;children&quot;:[{&quot;name&quot;:&quot;Concombres&quot;,&quot;code&quot;:&quot;R03F02SF08SS01&quot;,&quot;id&quot;:&quot;28503&quot;,&quot;type&quot;:&quot;RAYON&quot;,&quot;picto&quot;:null,&quot;level&quot;:4,&quot;sellerId&quot;:null,&quot;slug&quot;:&quot;concombres&quot;,&quot;selected&quot;:false,&quot;children&quot;:null,&quot;layers&quot;:&quot;\/navigation\/28503\/layers&quot;,&quot;link&quot;:&quot;\/r\/fruits-et-legumes\/legumes\/concombres-avocats-betteraves-et-radis\/concombres&quot;},{&quot;name&quot;:&quot;Avocats&quot;,&quot;code&quot;:&quot;R03F02SF08SS02&quot;,&quot;id&quot;:&quot;28504&quot;,&quot;type&quot;:&quot;RAYON&quot;,&quot;picto&quot;:null,&quot;level&quot;:4,&quot;sellerId&quot;:null,&quot;slug&quot;:&quot;avocats&quot;,&quot;selected&quot;:false,&quot;children&quot;:null,&quot;layers&quot;:&quot;\/navigation\/28504\/layers&quot;,&quot;link&quot;:&quot;\/r\/fruits-et-legumes\/legumes\/concombres-avocats-betteraves-et-radis\/avocats&quot;},{&quot;name&quot;:&quot;Betteraves&quot;,&quot;code&quot;:&quot;R03F02SF08SS03&quot;,&quot;id&quot;:&quot;28505&quot;,&quot;type&quot;:&quot;RAYON&quot;,&quot;picto&quot;:null,&quot;level&quot;:4,&quot;sellerId&quot;:null,&quot;slug&quot;:&quot;betteraves&quot;,&quot;selected&quot;:false,&quot;children&quot;:null,&quot;layers&quot;:&quot;\/navigation\/28505\/layers&quot;,&quot;link&quot;:&quot;\/r\/fruits-et-legumes\/legumes\/concombres-avocats-betteraves-et-radis\/betteraves&quot;},{&quot;name&quot;:&quot;Radis&quot;,&quot;code&quot;:&quot;R03F02SF08SS04&quot;,&quot;id&quot;:&quot;28506&quot;,&quot;type&quot;:&quot;RAYON&quot;,&quot;picto&quot;:null,&quot;level&quot;:4,&quot;sellerId&quot;:null,&quot;slug&quot;:&quot;radis&quot;,&quot;selected&quot;:false,&quot;children&quot;:null,&quot;layers&quot;:&quot;\/navigation\/28506\/layers&quot;,&quot;link&quot;:&quot;\/r\/fruits-et-legumes\/legumes\/concombres-avocats-betteraves-et-radis\/radis&quot;}],&quot;layers&quot;:&quot;\/navigation\/28502\/layers&quot;,&quot;link&quot;:&quot;\/r\/fruits-et-legumes\/legumes\/concombres-avocats-betteraves-et-radis&quot;},{&quot;name&quot;:&quot;Aubergines, Courgettes et Poivrons&quot;,&quot;code&quot;:&quot;R03F02SF09&quot;,&quot;id&quot;:&quot;28498&quot;,&quot;type&quot;:&quot;RAYON&quot;,&quot;picto&quot;:null,&quot;level&quot;:3,&quot;sellerId&quot;:null,&quot;slug&quot;:&quot;aubergines-courgettes-et-poivrons&quot;,&quot;selected&quot;:false,&quot;children&quot;:[{&quot;name&quot;:&quot;Aubergines&quot;,&quot;code&quot;:&quot;R03F02SF09SS01&quot;,&quot;id&quot;:&quot;28499&quot;,&quot;type&quot;:&quot;RAYON&quot;,&quot;picto&quot;:null,&quot;level&quot;:4,&quot;sellerId&quot;:null,&quot;slug&quot;:&quot;aubergines&quot;,&quot;selected&quot;:false,&quot;children&quot;:null,&quot;layers&quot;:&quot;\/navigation\/28499\/layers&quot;,&quot;link&quot;:&quot;\/r\/fruits-et-legumes\/legumes\/aubergines-courgettes-et-poivrons\/aubergines&quot;},{&quot;name&quot;:&quot;Courgettes&quot;,&quot;code&quot;:&quot;R03F02SF09SS02&quot;,&quot;id&quot;:&quot;28500&quot;,&quot;type&quot;:&quot;RAYON&quot;,&quot;picto&quot;:null,&quot;level&quot;:4,&quot;sellerId&quot;:null,&quot;slug&quot;:&quot;courgettes&quot;,&quot;selected&quot;:false,&quot;children&quot;:null,&quot;layers&quot;:&quot;\/navigation\/28500\/layers&quot;,&quot;link&quot;:&quot;\/r\/fruits-et-legumes\/legumes\/aubergines-courgettes-et-poivrons\/courgettes&quot;},{&quot;name&quot;:&quot;Poivrons&quot;,&quot;code&quot;:&quot;R03F02SF09SS03&quot;,&quot;id&quot;:&quot;28501&quot;,&quot;type&quot;:&quot;RAYON&quot;,&quot;picto&quot;:null,&quot;level&quot;:4,&quot;sellerId&quot;:null,&quot;slug&quot;:&quot;poivrons&quot;,&quot;selected&quot;:false,&quot;children&quot;:null,&quot;layers&quot;:&quot;\/navigation\/28501\/layers&quot;,&quot;link&quot;:&quot;\/r\/fruits-et-legumes\/legumes\/aubergines-courgettes-et-poivrons\/poivrons&quot;}],&quot;layers&quot;:&quot;\/navigation\/28498\/layers&quot;,&quot;link&quot;:&quot;\/r\/fruits-et-legumes\/legumes\/aubergines-courgettes-et-poivrons&quot;},{&quot;name&quot;:&quot;Ail, Oignons et Echalotes&quot;,&quot;code&quot;:&quot;R03F02SF10&quot;,&quot;id&quot;:&quot;28529&quot;,&quot;type&quot;:&quot;RAYON&quot;,&quot;picto&quot;:null,&quot;level&quot;:3,&quot;sellerId&quot;:null,&quot;slug&quot;:&quot;ail-oignons-et-echalotes&quot;,&quot;selected&quot;:false,&quot;children&quot;:[{&quot;name&quot;:&quot;Oignons jaunes&quot;,&quot;code&quot;:&quot;R03F02SF10SS01&quot;,&quot;id&quot;:&quot;28530&quot;,&quot;type&quot;:&quot;RAYON&quot;,&quot;picto&quot;:null,&quot;level&quot;:4,&quot;sellerId&quot;:null,&quot;slug&quot;:&quot;oignons-jaunes&quot;,&quot;selected&quot;:false,&quot;children&quot;:null,&quot;layers&quot;:&quot;\/navigation\/28530\/layers&quot;,&quot;link&quot;:&quot;\/r\/fruits-et-legumes\/legumes\/ail-oignons-et-echalotes\/oignons-jaunes&quot;},{&quot;name&quot;:&quot;Oignons rouges&quot;,&quot;code&quot;:&quot;R03F02SF10SS02&quot;,&quot;id&quot;:&quot;28531&quot;,&quot;type&quot;:&quot;RAYON&quot;,&quot;picto&quot;:null,&quot;level&quot;:4,&quot;sellerId&quot;:null,&quot;slug&quot;:&quot;oignons-rouges&quot;,&quot;selected&quot;:false,&quot;children&quot;:null,&quot;layers&quot;:&quot;\/navigation\/28531\/layers&quot;,&quot;link&quot;:&quot;\/r\/fruits-et-legumes\/legumes\/ail-oignons-et-echalotes\/oignons-rouges&quot;},{&quot;name&quot;:&quot;Ail&quot;,&quot;code&quot;:&quot;R03F02SF10SS03&quot;,&quot;id&quot;:&quot;28532&quot;,&quot;type&quot;:&quot;RAYON&quot;,&quot;picto&quot;:null,&quot;level&quot;:4,&quot;sellerId&quot;:null,&quot;slug&quot;:&quot;ail&quot;,&quot;selected&quot;:false,&quot;children&quot;:null,&quot;layers&quot;:&quot;\/navigation\/28532\/layers&quot;,&quot;link&quot;:&quot;\/r\/fruits-et-legumes\/legumes\/ail-oignons-et-echalotes\/ail&quot;},{&quot;name&quot;:&quot;Echalottes&quot;,&quot;code&quot;:&quot;R03F02SF10SS04&quot;,&quot;id&quot;:&quot;28533&quot;,&quot;type&quot;:&quot;RAYON&quot;,&quot;picto&quot;:null,&quot;level&quot;:4,&quot;sellerId&quot;:null,&quot;slug&quot;:&quot;echalottes&quot;,&quot;selected&quot;:false,&quot;children&quot;:null,&quot;layers&quot;:&quot;\/navigation\/28533\/layers&quot;,&quot;link&quot;:&quot;\/r\/fruits-et-legumes\/legumes\/ail-oignons-et-echalotes\/echalottes&quot;}],&quot;layers&quot;:&quot;\/navigation\/28529\/layers&quot;,&quot;link&quot;:&quot;\/r\/fruits-et-legumes\/legumes\/ail-oignons-et-echalotes&quot;},{&quot;name&quot;:&quot;Herbes aromatiques et Epices&quot;,&quot;code&quot;:&quot;R03F02SF11&quot;,&quot;id&quot;:&quot;28538&quot;,&quot;type&quot;:&quot;RAYON&quot;,&quot;picto&quot;:null,&quot;level&quot;:3,&quot;sellerId&quot;:null,&quot;slug&quot;:&quot;herbes-aromatiques-et-epices&quot;,&quot;selected&quot;:false,&quot;children&quot;:[{&quot;name&quot;:&quot;Menthe&quot;,&quot;code&quot;:&quot;R03F02SF11SS01&quot;,&quot;id&quot;:&quot;28539&quot;,&quot;type&quot;:&quot;RAYON&quot;,&quot;picto&quot;:null,&quot;level&quot;:4,&quot;sellerId&quot;:null,&quot;slug&quot;:&quot;menthe&quot;,&quot;selected&quot;:false,&quot;children&quot;:null,&quot;layers&quot;:&quot;\/navigation\/28539\/layers&quot;,&quot;link&quot;:&quot;\/r\/fruits-et-legumes\/legumes\/herbes-aromatiques-et-epices\/menthe&quot;},{&quot;name&quot;:&quot;Persil&quot;,&quot;code&quot;:&quot;R03F02SF11SS02&quot;,&quot;id&quot;:&quot;28540&quot;,&quot;type&quot;:&quot;RAYON&quot;,&quot;picto&quot;:null,&quot;level&quot;:4,&quot;sellerId&quot;:null,&quot;slug&quot;:&quot;persil&quot;,&quot;selected&quot;:false,&quot;children&quot;:null,&quot;layers&quot;:&quot;\/navigation\/28540\/layers&quot;,&quot;link&quot;:&quot;\/r\/fruits-et-legumes\/legumes\/herbes-aromatiques-et-epices\/persil&quot;},{&quot;name&quot;:&quot;Basilic&quot;,&quot;code&quot;:&quot;R03F02SF11SS03&quot;,&quot;id&quot;:&quot;28560&quot;,&quot;type&quot;:&quot;RAYON&quot;,&quot;picto&quot;:null,&quot;level&quot;:4,&quot;sellerId&quot;:null,&quot;slug&quot;:&quot;basilic&quot;,&quot;selected&quot;:false,&quot;children&quot;:null,&quot;layers&quot;:&quot;\/navigation\/28560\/layers&quot;,&quot;link&quot;:&quot;\/r\/fruits-et-legumes\/legumes\/herbes-aromatiques-et-epices\/basilic&quot;},{&quot;name&quot;:&quot;Coriandre&quot;,&quot;code&quot;:&quot;R03F02SF11SS04&quot;,&quot;id&quot;:&quot;28561&quot;,&quot;type&quot;:&quot;RAYON&quot;,&quot;picto&quot;:null,&quot;level&quot;:4,&quot;sellerId&quot;:null,&quot;slug&quot;:&quot;coriandre&quot;,&quot;selected&quot;:false,&quot;children&quot;:null,&quot;layers&quot;:&quot;\/navigation\/28561\/layers&quot;,&quot;link&quot;:&quot;\/r\/fruits-et-legumes\/legumes\/herbes-aromatiques-et-epices\/coriandre&quot;},{&quot;name&quot;:&quot;Ciboulette&quot;,&quot;code&quot;:&quot;R03F02SF11SS05&quot;,&quot;id&quot;:&quot;28562&quot;,&quot;type&quot;:&quot;RAYON&quot;,&quot;picto&quot;:null,&quot;level&quot;:4,&quot;sellerId&quot;:null,&quot;slug&quot;:&quot;ciboulette&quot;,&quot;selected&quot;:false,&quot;children&quot;:null,&quot;layers&quot;:&quot;\/navigation\/28562\/layers&quot;,&quot;link&quot;:&quot;\/r\/fruits-et-legumes\/legumes\/herbes-aromatiques-et-epices\/ciboulette&quot;},{&quot;name&quot;:&quot;Autres herbes aromatiques&quot;,&quot;code&quot;:&quot;R03F02SF11SS06&quot;,&quot;id&quot;:&quot;28541&quot;,&quot;type&quot;:&quot;RAYON&quot;,&quot;picto&quot;:null,&quot;level&quot;:4,&quot;sellerId&quot;:null,&quot;slug&quot;:&quot;autres-herbes-aromatiques&quot;,&quot;selected&quot;:false,&quot;children&quot;:null,&quot;layers&quot;:&quot;\/navigation\/28541\/layers&quot;,&quot;link&quot;:&quot;\/r\/fruits-et-legumes\/legumes\/herbes-aromatiques-et-epices\/autres-herbes-aromatiques&quot;},{&quot;name&quot;:&quot;\u00c9pices&quot;,&quot;code&quot;:&quot;R03F02SF11SS07&quot;,&quot;id&quot;:&quot;28542&quot;,&quot;type&quot;:&quot;RAYON&quot;,&quot;picto&quot;:null,&quot;level&quot;:4,&quot;sellerId&quot;:null,&quot;slug&quot;:&quot;epices&quot;,&quot;selected&quot;:false,&quot;children&quot;:null,&quot;layers&quot;:&quot;\/navigation\/28542\/layers&quot;,&quot;link&quot;:&quot;\/r\/fruits-et-legumes\/legumes\/herbes-aromatiques-et-epices\/epices&quot;}],&quot;layers&quot;:&quot;\/navigation\/28538\/layers&quot;,&quot;link&quot;:&quot;\/r\/fruits-et-legumes\/legumes\/herbes-aromatiques-et-epices&quot;}],&quot;layers&quot;:&quot;\/navigation\/1892\/layers&quot;,&quot;link&quot;:&quot;\/r\/fruits-et-legumes\/legumes&quot;},{&quot;name&quot;:&quot;Fruits et L\u00e9gumes Bio&quot;,&quot;code&quot;:&quot;R03F03&quot;,&quot;id&quot;:&quot;1904&quot;,&quot;type&quot;:&quot;RAYON&quot;,&quot;picto&quot;:&quot;https:\/\/media.carrefour.fr\/medias\/e0b042677a783930ab9bf1453eac0b15\/p_96x96\/1904.jpg&quot;,&quot;level&quot;:2,&quot;sellerId&quot;:null,&quot;slug&quot;:&quot;fruits-et-legumes-bio&quot;,&quot;selected&quot;:false,&quot;children&quot;:[{&quot;name&quot;:&quot;Fruits Bio&quot;,&quot;code&quot;:&quot;R03F03SF01&quot;,&quot;id&quot;:&quot;1905&quot;,&quot;type&quot;:&quot;RAYON&quot;,&quot;picto&quot;:null,&quot;level&quot;:3,&quot;sellerId&quot;:null,&quot;slug&quot;:&quot;fruits-bio&quot;,&quot;selected&quot;:false,&quot;children&quot;:null,&quot;layers&quot;:&quot;\/navigation\/1905\/layers&quot;,&quot;link&quot;:&quot;\/r\/fruits-et-legumes\/fruits-et-legumes-bio\/fruits-bio&quot;},{&quot;name&quot;:&quot;L\u00e9gumes Bio&quot;,&quot;code&quot;:&quot;R03F03SF02&quot;,&quot;id&quot;:&quot;1906&quot;,&quot;type&quot;:&quot;RAYON&quot;,&quot;picto&quot;:null,&quot;level&quot;:3,&quot;sellerId&quot;:null,&quot;slug&quot;:&quot;legumes-bio&quot;,&quot;selected&quot;:false,&quot;children&quot;:null,&quot;layers&quot;:&quot;\/navigation\/1906\/layers&quot;,&quot;link&quot;:&quot;\/r\/fruits-et-legumes\/fruits-et-legumes-bio\/legumes-bio&quot;},{&quot;name&quot;:&quot;Fruits et L\u00e9gumes secs Bio&quot;,&quot;code&quot;:&quot;R03F03SF03&quot;,&quot;id&quot;:&quot;1907&quot;,&quot;type&quot;:&quot;RAYON&quot;,&quot;picto&quot;:null,&quot;level&quot;:3,&quot;sellerId&quot;:null,&quot;slug&quot;:&quot;fruits-et-legumes-secs-bio&quot;,&quot;selected&quot;:false,&quot;children&quot;:null,&quot;layers&quot;:&quot;\/navigation\/1907\/layers&quot;,&quot;link&quot;:&quot;\/r\/fruits-et-legumes\/fruits-et-legumes-bio\/fruits-et-legumes-secs-bio&quot;}],&quot;layers&quot;:&quot;\/navigation\/1904\/layers&quot;,&quot;link&quot;:&quot;\/r\/fruits-et-legumes\/fruits-et-legumes-bio&quot;},{&quot;name&quot;:&quot;Jus de fruits et L\u00e9gumes frais&quot;,&quot;code&quot;:&quot;R03F04&quot;,&quot;id&quot;:&quot;28548&quot;,&quot;type&quot;:&quot;RAYON&quot;,&quot;picto&quot;:null,&quot;level&quot;:2,&quot;sellerId&quot;:null,&quot;slug&quot;:&quot;jus-de-fruits-et-legumes-frais&quot;,&quot;selected&quot;:false,&quot;children&quot;:[{&quot;name&quot;:&quot;Jus de fruits&quot;,&quot;code&quot;:&quot;R03F04SF01&quot;,&quot;id&quot;:&quot;28549&quot;,&quot;type&quot;:&quot;RAYON&quot;,&quot;picto&quot;:null,&quot;level&quot;:3,&quot;sellerId&quot;:null,&quot;slug&quot;:&quot;jus-de-fruits&quot;,&quot;selected&quot;:false,&quot;children&quot;:null,&quot;layers&quot;:&quot;\/navigation\/28549\/layers&quot;,&quot;link&quot;:&quot;\/r\/fruits-et-legumes\/jus-de-fruits-et-legumes-frais\/jus-de-fruits&quot;},{&quot;name&quot;:&quot;Smoothies&quot;,&quot;code&quot;:&quot;R03F04SF02&quot;,&quot;id&quot;:&quot;28550&quot;,&quot;type&quot;:&quot;RAYON&quot;,&quot;picto&quot;:null,&quot;level&quot;:3,&quot;sellerId&quot;:null,&quot;slug&quot;:&quot;smoothies&quot;,&quot;selected&quot;:false,&quot;children&quot;:null,&quot;layers&quot;:&quot;\/navigation\/28550\/layers&quot;,&quot;link&quot;:&quot;\/r\/fruits-et-legumes\/jus-de-fruits-et-legumes-frais\/smoothies&quot;},{&quot;name&quot;:&quot;Soupes fra\u00eeches et Gaspachos&quot;,&quot;code&quot;:&quot;R03F04SF03&quot;,&quot;id&quot;:&quot;28551&quot;,&quot;type&quot;:&quot;RAYON&quot;,&quot;picto&quot;:null,&quot;level&quot;:3,&quot;sellerId&quot;:null,&quot;slug&quot;:&quot;soupes-fraiches-gaspachos&quot;,&quot;selected&quot;:false,&quot;children&quot;:null,&quot;layers&quot;:&quot;\/navigation\/28551\/layers&quot;,&quot;link&quot;:&quot;\/r\/fruits-et-legumes\/jus-de-fruits-et-legumes-frais\/soupes-fraiches-gaspachos&quot;}],&quot;layers&quot;:&quot;\/navigation\/28548\/layers&quot;,&quot;link&quot;:&quot;\/r\/fruits-et-legumes\/jus-de-fruits-et-legumes-frais&quot;},{&quot;name&quot;:&quot;Pr\u00eat \u00e0 consommer&quot;,&quot;code&quot;:&quot;R03F05&quot;,&quot;id&quot;:&quot;1913&quot;,&quot;type&quot;:&quot;RAYON&quot;,&quot;picto&quot;:&quot;https:\/\/media.carrefour.fr\/medias\/d725a2c2469d3cc896416547806c3755\/p_96x96\/1913.jpg&quot;,&quot;level&quot;:2,&quot;sellerId&quot;:null,&quot;slug&quot;:&quot;pret-a-consommer&quot;,&quot;selected&quot;:false,&quot;children&quot;:[{&quot;name&quot;:&quot;Salades en sachet&quot;,&quot;code&quot;:&quot;R03F05SF01&quot;,&quot;id&quot;:&quot;28544&quot;,&quot;type&quot;:&quot;RAYON&quot;,&quot;picto&quot;:null,&quot;level&quot;:3,&quot;sellerId&quot;:null,&quot;slug&quot;:&quot;salades-sachet&quot;,&quot;selected&quot;:false,&quot;children&quot;:null,&quot;layers&quot;:&quot;\/navigation\/28544\/layers&quot;,&quot;link&quot;:&quot;\/r\/fruits-et-legumes\/pret-a-consommer\/salades-sachet&quot;},{&quot;name&quot;:&quot;Fruits d\u00e9coup\u00e9s&quot;,&quot;code&quot;:&quot;R03F05SF02&quot;,&quot;id&quot;:&quot;28545&quot;,&quot;type&quot;:&quot;RAYON&quot;,&quot;picto&quot;:null,&quot;level&quot;:3,&quot;sellerId&quot;:null,&quot;slug&quot;:&quot;fruits-decoupes&quot;,&quot;selected&quot;:false,&quot;children&quot;:null,&quot;layers&quot;:&quot;\/navigation\/28545\/layers&quot;,&quot;link&quot;:&quot;\/r\/fruits-et-legumes\/pret-a-consommer\/fruits-decoupes&quot;},{&quot;name&quot;:&quot;Pur\u00e9es fra\u00eeches&quot;,&quot;code&quot;:&quot;R03F05SF03&quot;,&quot;id&quot;:&quot;28546&quot;,&quot;type&quot;:&quot;RAYON&quot;,&quot;picto&quot;:null,&quot;level&quot;:3,&quot;sellerId&quot;:null,&quot;slug&quot;:&quot;purees-fraiches&quot;,&quot;selected&quot;:false,&quot;children&quot;:null,&quot;layers&quot;:&quot;\/navigation\/28546\/layers&quot;,&quot;link&quot;:&quot;\/r\/fruits-et-legumes\/pret-a-consommer\/purees-fraiches&quot;},{&quot;name&quot;:&quot;L\u00e9gumes d\u00e9coup\u00e9s&quot;,&quot;code&quot;:&quot;R03F05SF04&quot;,&quot;id&quot;:&quot;28555&quot;,&quot;type&quot;:&quot;RAYON&quot;,&quot;picto&quot;:null,&quot;level&quot;:3,&quot;sellerId&quot;:null,&quot;slug&quot;:&quot;legumes-decoupes&quot;,&quot;selected&quot;:false,&quot;children&quot;:null,&quot;layers&quot;:&quot;\/navigation\/28555\/layers&quot;,&quot;link&quot;:&quot;\/r\/fruits-et-legumes\/pret-a-consommer\/legumes-decoupes&quot;},{&quot;name&quot;:&quot;Crudit\u00e9s&quot;,&quot;code&quot;:&quot;R03F05SF05&quot;,&quot;id&quot;:&quot;28556&quot;,&quot;type&quot;:&quot;RAYON&quot;,&quot;picto&quot;:null,&quot;level&quot;:3,&quot;sellerId&quot;:null,&quot;slug&quot;:&quot;crudites&quot;,&quot;selected&quot;:false,&quot;children&quot;:null,&quot;layers&quot;:&quot;\/navigation\/28556\/layers&quot;,&quot;link&quot;:&quot;\/r\/fruits-et-legumes\/pret-a-consommer\/crudites&quot;}],&quot;layers&quot;:&quot;\/navigation\/1913\/layers&quot;,&quot;link&quot;:&quot;\/r\/fruits-et-legumes\/pret-a-consommer&quot;},{&quot;name&quot;:&quot;Fruits et L\u00e9gumes secs&quot;,&quot;code&quot;:&quot;R03F06&quot;,&quot;id&quot;:&quot;1908&quot;,&quot;type&quot;:&quot;RAYON&quot;,&quot;picto&quot;:&quot;https:\/\/media.carrefour.fr\/medias\/7ddaad0c7f913f08a378b098d38085b5\/p_96x96\/1908.jpg&quot;,&quot;level&quot;:2,&quot;sellerId&quot;:null,&quot;slug&quot;:&quot;fruits-et-legumes-secs&quot;,&quot;selected&quot;:false,&quot;children&quot;:[{&quot;name&quot;:&quot;Pruneaux et Fruits s\u00e9ch\u00e9s&quot;,&quot;code&quot;:&quot;R03F06SF01&quot;,&quot;id&quot;:&quot;1909&quot;,&quot;type&quot;:&quot;RAYON&quot;,&quot;picto&quot;:null,&quot;level&quot;:3,&quot;sellerId&quot;:null,&quot;slug&quot;:&quot;pruneaux-et-fruits-seches&quot;,&quot;selected&quot;:false,&quot;children&quot;:null,&quot;layers&quot;:&quot;\/navigation\/1909\/layers&quot;,&quot;link&quot;:&quot;\/r\/fruits-et-legumes\/fruits-et-legumes-secs\/pruneaux-et-fruits-seches&quot;},{&quot;name&quot;:&quot;Fruits secs aide culinaire&quot;,&quot;code&quot;:&quot;R03F06SF02&quot;,&quot;id&quot;:&quot;1910&quot;,&quot;type&quot;:&quot;RAYON&quot;,&quot;picto&quot;:null,&quot;level&quot;:3,&quot;sellerId&quot;:null,&quot;slug&quot;:&quot;fruits-secs-aide-culinaire&quot;,&quot;selected&quot;:false,&quot;children&quot;:null,&quot;layers&quot;:&quot;\/navigation\/1910\/layers&quot;,&quot;link&quot;:&quot;\/r\/fruits-et-legumes\/fruits-et-legumes-secs\/fruits-secs-aide-culinaire&quot;},{&quot;name&quot;:&quot;L\u00e9gumes secs&quot;,&quot;code&quot;:&quot;R03F06SF03&quot;,&quot;id&quot;:&quot;1912&quot;,&quot;type&quot;:&quot;RAYON&quot;,&quot;picto&quot;:null,&quot;level&quot;:3,&quot;sellerId&quot;:null,&quot;slug&quot;:&quot;legumes-secs&quot;,&quot;selected&quot;:false,&quot;children&quot;:null,&quot;layers&quot;:&quot;\/navigation\/1912\/layers&quot;,&quot;link&quot;:&quot;\/r\/fruits-et-legumes\/fruits-et-legumes-secs\/legumes-secs&quot;},{&quot;name&quot;:&quot;Fruits secs m\u00e9langes et graines&quot;,&quot;code&quot;:&quot;R03F06SF04&quot;,&quot;id&quot;:&quot;28543&quot;,&quot;type&quot;:&quot;RAYON&quot;,&quot;picto&quot;:null,&quot;level&quot;:3,&quot;sellerId&quot;:null,&quot;slug&quot;:&quot;fruits-secs-melanges-graines&quot;,&quot;selected&quot;:false,&quot;children&quot;:null,&quot;layers&quot;:&quot;\/navigation\/28543\/layers&quot;,&quot;link&quot;:&quot;\/r\/fruits-et-legumes\/fruits-et-legumes-secs\/fruits-secs-melanges-graines&quot;}],&quot;layers&quot;:&quot;\/navigation\/1908\/layers&quot;,&quot;link&quot;:&quot;\/r\/fruits-et-legumes\/fruits-et-legumes-secs&quot;},{&quot;name&quot;:&quot;Corbeilles et Paniers&quot;,&quot;code&quot;:&quot;R03F07&quot;,&quot;id&quot;:&quot;1920&quot;,&quot;type&quot;:&quot;RAYON&quot;,&quot;picto&quot;:&quot;https:\/\/media.carrefour.fr\/medias\/d9162bce672736ac82d0c76dbfc9f4e6\/p_96x96\/1920.jpg&quot;,&quot;level&quot;:2,&quot;sellerId&quot;:null,&quot;slug&quot;:&quot;corbeille-et-panier&quot;,&quot;selected&quot;:false,&quot;children&quot;:null,&quot;layers&quot;:&quot;\/navigation\/1920\/layers&quot;,&quot;link&quot;:&quot;\/r\/fruits-et-legumes\/corbeille-et-panier&quot;}],&quot;layers&quot;:&quot;\/navigation\/1882\/layers&quot;,&quot;link&quot;:&quot;\/r\/fruits-et-legumes&quot;},{&quot;name&quot;:&quot;Viandes et Poissons&quot;,&quot;code&quot;:&quot;R04&quot;,&quot;id&quot;:&quot;1921&quot;,&quot;type&quot;:&quot;RAYON&quot;,&quot;picto&quot;:&quot;https:\/\/media.carrefour.fr\/medias\/9e116ecf9a313f8b959b5e603d7933a5\/p_96x96\/1921.jpg&quot;,&quot;level&quot;:1,&quot;sellerId&quot;:null,&quot;slug&quot;:&quot;viandes-et-poissons&quot;,&quot;selected&quot;:false,&quot;children&quot;:[{&quot;name&quot;:&quot;Volaille et R\u00f4tisserie&quot;,&quot;code&quot;:&quot;R04F01&quot;,&quot;id&quot;:&quot;1931&quot;,&quot;type&quot;:&quot;RAYON&quot;,&quot;picto&quot;:&quot;https:\/\/media.carrefour.fr\/medias\/96ad922a2c1030bba58268be880c9ea9\/p_96x96\/1931.jpg&quot;,&quot;level&quot;:2,&quot;sellerId&quot;:null,&quot;slug&quot;:&quot;volaille-et-rotisserie&quot;,&quot;selected&quot;:false,&quot;children&quot;:[{&quot;name&quot;:&quot;Poulets&quot;,&quot;code&quot;:&quot;R04F01SF01&quot;,&quot;id&quot;:&quot;28439&quot;,&quot;type&quot;:&quot;RAYON&quot;,&quot;picto&quot;:null,&quot;level&quot;:3,&quot;sellerId&quot;:null,&quot;slug&quot;:&quot;poulets&quot;,&quot;selected&quot;:false,&quot;children&quot;:[{&quot;name&quot;:&quot;Poulets entiers&quot;,&quot;code&quot;:&quot;R04F01SF01SS01&quot;,&quot;id&quot;:&quot;28440&quot;,&quot;type&quot;:&quot;RAYON&quot;,&quot;picto&quot;:null,&quot;level&quot;:4,&quot;sellerId&quot;:null,&quot;slug&quot;:&quot;poulets-entiers&quot;,&quot;selected&quot;:false,&quot;children&quot;:null,&quot;layers&quot;:&quot;\/navigation\/28440\/layers&quot;,&quot;link&quot;:&quot;\/r\/viandes-et-poissons\/volaille-et-rotisserie\/poulets\/poulets-entiers&quot;},{&quot;name&quot;:&quot;Cuisses et Ailes&quot;,&quot;code&quot;:&quot;R04F01SF01SS02&quot;,&quot;id&quot;:&quot;28441&quot;,&quot;type&quot;:&quot;RAYON&quot;,&quot;picto&quot;:null,&quot;level&quot;:4,&quot;sellerId&quot;:null,&quot;slug&quot;:&quot;cuisses-ailes&quot;,&quot;selected&quot;:false,&quot;children&quot;:null,&quot;layers&quot;:&quot;\/navigation\/28441\/layers&quot;,&quot;link&quot;:&quot;\/r\/viandes-et-poissons\/volaille-et-rotisserie\/poulets\/cuisses-ailes&quot;},{&quot;name&quot;:&quot;Filets et Aiguillettes&quot;,&quot;code&quot;:&quot;R04F01SF01SS03&quot;,&quot;id&quot;:&quot;28442&quot;,&quot;type&quot;:&quot;RAYON&quot;,&quot;picto&quot;:null,&quot;level&quot;:4,&quot;sellerId&quot;:null,&quot;slug&quot;:&quot;filets-aiguillettes&quot;,&quot;selected&quot;:false,&quot;children&quot;:null,&quot;layers&quot;:&quot;\/navigation\/28442\/layers&quot;,&quot;link&quot;:&quot;\/r\/viandes-et-poissons\/volaille-et-rotisserie\/poulets\/filets-aiguillettes&quot;}],&quot;layers&quot;:&quot;\/navigation\/28439\/layers&quot;,&quot;link&quot;:&quot;\/r\/viandes-et-poissons\/volaille-et-rotisserie\/poulets&quot;},{&quot;name&quot;:&quot;R\u00f4tisserie&quot;,&quot;code&quot;:&quot;R04F01SF02&quot;,&quot;id&quot;:&quot;1932&quot;,&quot;type&quot;:&quot;RAYON&quot;,&quot;picto&quot;:null,&quot;level&quot;:3,&quot;sellerId&quot;:null,&quot;slug&quot;:&quot;rotisserie&quot;,&quot;selected&quot;:false,&quot;children&quot;:null,&quot;layers&quot;:&quot;\/navigation\/1932\/layers&quot;,&quot;link&quot;:&quot;\/r\/viandes-et-poissons\/volaille-et-rotisserie\/rotisserie&quot;},{&quot;name&quot;:&quot;Dindes&quot;,&quot;code&quot;:&quot;R04F01SF03&quot;,&quot;id&quot;:&quot;1934&quot;,&quot;type&quot;:&quot;RAYON&quot;,&quot;picto&quot;:null,&quot;level&quot;:3,&quot;sellerId&quot;:null,&quot;slug&quot;:&quot;dindes&quot;,&quot;selected&quot;:false,&quot;children&quot;:null,&quot;layers&quot;:&quot;\/navigation\/1934\/layers&quot;,&quot;link&quot;:&quot;\/r\/viandes-et-poissons\/volaille-et-rotisserie\/dindes&quot;},{&quot;name&quot;:&quot;Canard&quot;,&quot;code&quot;:&quot;R04F01SF04&quot;,&quot;id&quot;:&quot;28443&quot;,&quot;type&quot;:&quot;RAYON&quot;,&quot;picto&quot;:null,&quot;level&quot;:3,&quot;sellerId&quot;:null,&quot;slug&quot;:&quot;canard&quot;,&quot;selected&quot;:false,&quot;children&quot;:null,&quot;layers&quot;:&quot;\/navigation\/28443\/layers&quot;,&quot;link&quot;:&quot;\/r\/viandes-et-poissons\/volaille-et-rotisserie\/canard&quot;},{&quot;name&quot;:&quot;Lapin&quot;,&quot;code&quot;:&quot;R04F01SF05&quot;,&quot;id&quot;:&quot;28444&quot;,&quot;type&quot;:&quot;RAYON&quot;,&quot;picto&quot;:null,&quot;level&quot;:3,&quot;sellerId&quot;:null,&quot;slug&quot;:&quot;lapin&quot;,&quot;selected&quot;:false,&quot;children&quot;:null,&quot;layers&quot;:&quot;\/navigation\/28444\/layers&quot;,&quot;link&quot;:&quot;\/r\/viandes-et-poissons\/volaille-et-rotisserie\/lapin&quot;},{&quot;name&quot;:&quot;Cordons bleus et Grignotes&quot;,&quot;code&quot;:&quot;R04F01SF06&quot;,&quot;id&quot;:&quot;28445&quot;,&quot;type&quot;:&quot;RAYON&quot;,&quot;picto&quot;:null,&quot;level&quot;:3,&quot;sellerId&quot;:null,&quot;slug&quot;:&quot;cordons-bleus-grignotes&quot;,&quot;selected&quot;:false,&quot;children&quot;:[{&quot;name&quot;:&quot;Cordons bleus&quot;,&quot;code&quot;:&quot;R04F01SF06SS01&quot;,&quot;id&quot;:&quot;28446&quot;,&quot;type&quot;:&quot;RAYON&quot;,&quot;picto&quot;:null,&quot;level&quot;:4,&quot;sellerId&quot;:null,&quot;slug&quot;:&quot;cordons-bleus&quot;,&quot;selected&quot;:false,&quot;children&quot;:null,&quot;layers&quot;:&quot;\/navigation\/28446\/layers&quot;,&quot;link&quot;:&quot;\/r\/viandes-et-poissons\/volaille-et-rotisserie\/cordons-bleus-grignotes\/cordons-bleus&quot;},{&quot;name&quot;:&quot;Nuggets&quot;,&quot;code&quot;:&quot;R04F01SF06SS02&quot;,&quot;id&quot;:&quot;28447&quot;,&quot;type&quot;:&quot;RAYON&quot;,&quot;picto&quot;:null,&quot;level&quot;:4,&quot;sellerId&quot;:null,&quot;slug&quot;:&quot;nuggets&quot;,&quot;selected&quot;:false,&quot;children&quot;:null,&quot;layers&quot;:&quot;\/navigation\/28447\/layers&quot;,&quot;link&quot;:&quot;\/r\/viandes-et-poissons\/volaille-et-rotisserie\/cordons-bleus-grignotes\/nuggets&quot;},{&quot;name&quot;:&quot;Grignottes&quot;,&quot;code&quot;:&quot;R04F01SF06SS03&quot;,&quot;id&quot;:&quot;28448&quot;,&quot;type&quot;:&quot;RAYON&quot;,&quot;picto&quot;:null,&quot;level&quot;:4,&quot;sellerId&quot;:null,&quot;slug&quot;:&quot;grignottes&quot;,&quot;selected&quot;:false,&quot;children&quot;:null,&quot;layers&quot;:&quot;\/navigation\/28448\/layers&quot;,&quot;link&quot;:&quot;\/r\/viandes-et-poissons\/volaille-et-rotisserie\/cordons-bleus-grignotes\/grignottes&quot;}],&quot;layers&quot;:&quot;\/navigation\/28445\/layers&quot;,&quot;link&quot;:&quot;\/r\/viandes-et-poissons\/volaille-et-rotisserie\/cordons-bleus-grignotes&quot;},{&quot;name&quot;:&quot;Foies et G\u00e9siers&quot;,&quot;code&quot;:&quot;R04F01SF07&quot;,&quot;id&quot;:&quot;28449&quot;,&quot;type&quot;:&quot;RAYON&quot;,&quot;picto&quot;:null,&quot;level&quot;:3,&quot;sellerId&quot;:null,&quot;slug&quot;:&quot;foies-gesiers&quot;,&quot;selected&quot;:false,&quot;children&quot;:null,&quot;layers&quot;:&quot;\/navigation\/28449\/layers&quot;,&quot;link&quot;:&quot;\/r\/viandes-et-poissons\/volaille-et-rotisserie\/foies-gesiers&quot;}],&quot;layers&quot;:&quot;\/navigation\/1931\/layers&quot;,&quot;link&quot;:&quot;\/r\/viandes-et-poissons\/volaille-et-rotisserie&quot;},{&quot;name&quot;:&quot;Boucherie&quot;,&quot;code&quot;:&quot;R04F02&quot;,&quot;id&quot;:&quot;1922&quot;,&quot;type&quot;:&quot;RAYON&quot;,&quot;picto&quot;:&quot;https:\/\/media.carrefour.fr\/medias\/34001b9ef2563590bea9ed78f9089b3a\/p_96x96\/1922.jpg&quot;,&quot;level&quot;:2,&quot;sellerId&quot;:null,&quot;slug&quot;:&quot;boucherie&quot;,&quot;selected&quot;:false,&quot;children&quot;:[{&quot;name&quot;:&quot;Boucherie \u00e0 la coupe&quot;,&quot;code&quot;:&quot;R04F02SF01&quot;,&quot;id&quot;:&quot;28450&quot;,&quot;type&quot;:&quot;RAYON&quot;,&quot;picto&quot;:null,&quot;level&quot;:3,&quot;sellerId&quot;:null,&quot;slug&quot;:&quot;boucherie-coupe&quot;,&quot;selected&quot;:false,&quot;children&quot;:[{&quot;name&quot;:&quot;Boeuf&quot;,&quot;code&quot;:&quot;R04F02SF01SS01&quot;,&quot;id&quot;:&quot;28451&quot;,&quot;type&quot;:&quot;RAYON&quot;,&quot;picto&quot;:null,&quot;level&quot;:4,&quot;sellerId&quot;:null,&quot;slug&quot;:&quot;boeuf&quot;,&quot;selected&quot;:false,&quot;children&quot;:null,&quot;layers&quot;:&quot;\/navigation\/28451\/layers&quot;,&quot;link&quot;:&quot;\/r\/viandes-et-poissons\/boucherie\/boucherie-coupe\/boeuf&quot;},{&quot;name&quot;:&quot;Porc&quot;,&quot;code&quot;:&quot;R04F02SF01SS02&quot;,&quot;id&quot;:&quot;28452&quot;,&quot;type&quot;:&quot;RAYON&quot;,&quot;picto&quot;:null,&quot;level&quot;:4,&quot;sellerId&quot;:null,&quot;slug&quot;:&quot;porc&quot;,&quot;selected&quot;:false,&quot;children&quot;:null,&quot;layers&quot;:&quot;\/navigation\/28452\/layers&quot;,&quot;link&quot;:&quot;\/r\/viandes-et-poissons\/boucherie\/boucherie-coupe\/porc&quot;},{&quot;name&quot;:&quot;Veau&quot;,&quot;code&quot;:&quot;R04F02SF01SS03&quot;,&quot;id&quot;:&quot;28453&quot;,&quot;type&quot;:&quot;RAYON&quot;,&quot;picto&quot;:null,&quot;level&quot;:4,&quot;sellerId&quot;:null,&quot;slug&quot;:&quot;veau&quot;,&quot;selected&quot;:false,&quot;children&quot;:null,&quot;layers&quot;:&quot;\/navigation\/28453\/layers&quot;,&quot;link&quot;:&quot;\/r\/viandes-et-poissons\/boucherie\/boucherie-coupe\/veau&quot;},{&quot;name&quot;:&quot;Agneau&quot;,&quot;code&quot;:&quot;R04F02SF01SS04&quot;,&quot;id&quot;:&quot;28454&quot;,&quot;type&quot;:&quot;RAYON&quot;,&quot;picto&quot;:null,&quot;level&quot;:4,&quot;sellerId&quot;:null,&quot;slug&quot;:&quot;agneau&quot;,&quot;selected&quot;:false,&quot;children&quot;:null,&quot;layers&quot;:&quot;\/navigation\/28454\/layers&quot;,&quot;link&quot;:&quot;\/r\/viandes-et-poissons\/boucherie\/boucherie-coupe\/agneau&quot;},{&quot;name&quot;:&quot;Saucisses et Brochettes&quot;,&quot;code&quot;:&quot;R04F02SF01SS05&quot;,&quot;id&quot;:&quot;28455&quot;,&quot;type&quot;:&quot;RAYON&quot;,&quot;picto&quot;:null,&quot;level&quot;:4,&quot;sellerId&quot;:null,&quot;slug&quot;:&quot;saucisses&quot;,&quot;selected&quot;:false,&quot;children&quot;:null,&quot;layers&quot;:&quot;\/navigation\/28455\/layers&quot;,&quot;link&quot;:&quot;\/r\/viandes-et-poissons\/boucherie\/boucherie-coupe\/saucisses&quot;}],&quot;layers&quot;:&quot;\/navigation\/28450\/layers&quot;,&quot;link&quot;:&quot;\/r\/viandes-et-poissons\/boucherie\/boucherie-coupe&quot;},{&quot;name&quot;:&quot;Boeuf&quot;,&quot;code&quot;:&quot;R04F02SF02&quot;,&quot;id&quot;:&quot;1924&quot;,&quot;type&quot;:&quot;RAYON&quot;,&quot;picto&quot;:null,&quot;level&quot;:3,&quot;sellerId&quot;:null,&quot;slug&quot;:&quot;boeuf&quot;,&quot;selected&quot;:false,&quot;children&quot;:null,&quot;layers&quot;:&quot;\/navigation\/1924\/layers&quot;,&quot;link&quot;:&quot;\/r\/viandes-et-poissons\/boucherie\/boeuf&quot;},{&quot;name&quot;:&quot;Veau&quot;,&quot;code&quot;:&quot;R04F02SF03&quot;,&quot;id&quot;:&quot;1925&quot;,&quot;type&quot;:&quot;RAYON&quot;,&quot;picto&quot;:null,&quot;level&quot;:3,&quot;sellerId&quot;:null,&quot;slug&quot;:&quot;veau&quot;,&quot;selected&quot;:false,&quot;children&quot;:null,&quot;layers&quot;:&quot;\/navigation\/1925\/layers&quot;,&quot;link&quot;:&quot;\/r\/viandes-et-poissons\/boucherie\/veau&quot;},{&quot;name&quot;:&quot;Porc&quot;,&quot;code&quot;:&quot;R04F02SF04&quot;,&quot;id&quot;:&quot;1926&quot;,&quot;type&quot;:&quot;RAYON&quot;,&quot;picto&quot;:null,&quot;level&quot;:3,&quot;sellerId&quot;:null,&quot;slug&quot;:&quot;porc&quot;,&quot;selected&quot;:false,&quot;children&quot;:null,&quot;layers&quot;:&quot;\/navigation\/1926\/layers&quot;,&quot;link&quot;:&quot;\/r\/viandes-et-poissons\/boucherie\/porc&quot;},{&quot;name&quot;:&quot;Agneau&quot;,&quot;code&quot;:&quot;R04F02SF05&quot;,&quot;id&quot;:&quot;28456&quot;,&quot;type&quot;:&quot;RAYON&quot;,&quot;picto&quot;:null,&quot;level&quot;:3,&quot;sellerId&quot;:null,&quot;slug&quot;:&quot;agneau&quot;,&quot;selected&quot;:false,&quot;children&quot;:null,&quot;layers&quot;:&quot;\/navigation\/28456\/layers&quot;,&quot;link&quot;:&quot;\/r\/viandes-et-poissons\/boucherie\/agneau&quot;},{&quot;name&quot;:&quot;Viandes hach\u00e9es&quot;,&quot;code&quot;:&quot;R04F02SF06&quot;,&quot;id&quot;:&quot;28457&quot;,&quot;type&quot;:&quot;RAYON&quot;,&quot;picto&quot;:null,&quot;level&quot;:3,&quot;sellerId&quot;:null,&quot;slug&quot;:&quot;viandes-hachees&quot;,&quot;selected&quot;:false,&quot;children&quot;:[{&quot;name&quot;:&quot;Viandes hach\u00e9es&quot;,&quot;code&quot;:&quot;R04F02SF06SS01&quot;,&quot;id&quot;:&quot;28458&quot;,&quot;type&quot;:&quot;RAYON&quot;,&quot;picto&quot;:null,&quot;level&quot;:4,&quot;sellerId&quot;:null,&quot;slug&quot;:&quot;viandes-hachees&quot;,&quot;selected&quot;:false,&quot;children&quot;:null,&quot;layers&quot;:&quot;\/navigation\/28458\/layers&quot;,&quot;link&quot;:&quot;\/r\/viandes-et-poissons\/boucherie\/viandes-hachees\/viandes-hachees&quot;},{&quot;name&quot;:&quot;Steaks hach\u00e9s&quot;,&quot;code&quot;:&quot;R04F02SF06SS02&quot;,&quot;id&quot;:&quot;28459&quot;,&quot;type&quot;:&quot;RAYON&quot;,&quot;picto&quot;:null,&quot;level&quot;:4,&quot;sellerId&quot;:null,&quot;slug&quot;:&quot;steaks-haches&quot;,&quot;selected&quot;:false,&quot;children&quot;:null,&quot;layers&quot;:&quot;\/navigation\/28459\/layers&quot;,&quot;link&quot;:&quot;\/r\/viandes-et-poissons\/boucherie\/viandes-hachees\/steaks-haches&quot;}],&quot;layers&quot;:&quot;\/navigation\/28457\/layers&quot;,&quot;link&quot;:&quot;\/r\/viandes-et-poissons\/boucherie\/viandes-hachees&quot;},{&quot;name&quot;:&quot;Saucisses et Farces&quot;,&quot;code&quot;:&quot;R04F02SF07&quot;,&quot;id&quot;:&quot;28460&quot;,&quot;type&quot;:&quot;RAYON&quot;,&quot;picto&quot;:null,&quot;level&quot;:3,&quot;sellerId&quot;:null,&quot;slug&quot;:&quot;saucisses-farces&quot;,&quot;selected&quot;:false,&quot;children&quot;:[{&quot;name&quot;:&quot;Merguez&quot;,&quot;code&quot;:&quot;R04F02SF07SS01&quot;,&quot;id&quot;:&quot;28461&quot;,&quot;type&quot;:&quot;RAYON&quot;,&quot;picto&quot;:null,&quot;level&quot;:4,&quot;sellerId&quot;:null,&quot;slug&quot;:&quot;merguez&quot;,&quot;selected&quot;:false,&quot;children&quot;:null,&quot;layers&quot;:&quot;\/navigation\/28461\/layers&quot;,&quot;link&quot;:&quot;\/r\/viandes-et-poissons\/boucherie\/saucisses-farces\/merguez&quot;},{&quot;name&quot;:&quot;Saucisses&quot;,&quot;code&quot;:&quot;R04F02SF07SS02&quot;,&quot;id&quot;:&quot;28462&quot;,&quot;type&quot;:&quot;RAYON&quot;,&quot;picto&quot;:null,&quot;level&quot;:4,&quot;sellerId&quot;:null,&quot;slug&quot;:&quot;saucisses&quot;,&quot;selected&quot;:false,&quot;children&quot;:null,&quot;layers&quot;:&quot;\/navigation\/28462\/layers&quot;,&quot;link&quot;:&quot;\/r\/viandes-et-poissons\/boucherie\/saucisses-farces\/saucisses&quot;},{&quot;name&quot;:&quot;Farces et Chair \u00e0 saucisses&quot;,&quot;code&quot;:&quot;R04F02SF07SS03&quot;,&quot;id&quot;:&quot;28463&quot;,&quot;type&quot;:&quot;RAYON&quot;,&quot;picto&quot;:null,&quot;level&quot;:4,&quot;sellerId&quot;:null,&quot;slug&quot;:&quot;farces-chair-saucisses&quot;,&quot;selected&quot;:false,&quot;children&quot;:null,&quot;layers&quot;:&quot;\/navigation\/28463\/layers&quot;,&quot;link&quot;:&quot;\/r\/viandes-et-poissons\/boucherie\/saucisses-farces\/farces-chair-saucisses&quot;}],&quot;layers&quot;:&quot;\/navigation\/28460\/layers&quot;,&quot;link&quot;:&quot;\/r\/viandes-et-poissons\/boucherie\/saucisses-farces&quot;},{&quot;name&quot;:&quot;Grillades et Brochettes &quot;,&quot;code&quot;:&quot;R04F02SF08&quot;,&quot;id&quot;:&quot;28464&quot;,&quot;type&quot;:&quot;RAYON&quot;,&quot;picto&quot;:null,&quot;level&quot;:3,&quot;sellerId&quot;:null,&quot;slug&quot;:&quot;grillades-brochettes&quot;,&quot;selected&quot;:false,&quot;children&quot;:null,&quot;layers&quot;:&quot;\/navigation\/28464\/layers&quot;,&quot;link&quot;:&quot;\/r\/viandes-et-poissons\/boucherie\/grillades-brochettes&quot;}],&quot;layers&quot;:&quot;\/navigation\/1922\/layers&quot;,&quot;link&quot;:&quot;\/r\/viandes-et-poissons\/boucherie&quot;},{&quot;name&quot;:&quot;Boucherie bio&quot;,&quot;code&quot;:&quot;R04F03&quot;,&quot;id&quot;:&quot;28421&quot;,&quot;type&quot;:&quot;RAYON&quot;,&quot;picto&quot;:null,&quot;level&quot;:2,&quot;sellerId&quot;:null,&quot;slug&quot;:&quot;boucherie-bio&quot;,&quot;selected&quot;:false,&quot;children&quot;:null,&quot;layers&quot;:&quot;\/navigation\/28421\/layers&quot;,&quot;link&quot;:&quot;\/r\/viandes-et-poissons\/boucherie-bio&quot;},{&quot;name&quot;:&quot;Volaille bio&quot;,&quot;code&quot;:&quot;R04F04&quot;,&quot;id&quot;:&quot;28420&quot;,&quot;type&quot;:&quot;RAYON&quot;,&quot;picto&quot;:null,&quot;level&quot;:2,&quot;sellerId&quot;:null,&quot;slug&quot;:&quot;volaille-bio&quot;,&quot;selected&quot;:false,&quot;children&quot;:null,&quot;layers&quot;:&quot;\/navigation\/28420\/layers&quot;,&quot;link&quot;:&quot;\/r\/viandes-et-poissons\/volaille-bio&quot;},{&quot;name&quot;:&quot;Poissonnerie&quot;,&quot;code&quot;:&quot;R04F05&quot;,&quot;id&quot;:&quot;1938&quot;,&quot;type&quot;:&quot;RAYON&quot;,&quot;picto&quot;:&quot;https:\/\/media.carrefour.fr\/medias\/e3c6703330bb3f29b33ad3f02b162b67\/p_96x96\/1938.jpg&quot;,&quot;level&quot;:2,&quot;sellerId&quot;:null,&quot;slug&quot;:&quot;poissonnerie&quot;,&quot;selected&quot;:false,&quot;children&quot;:[{&quot;name&quot;:&quot;Mon poissonnier&quot;,&quot;code&quot;:&quot;R04F05SF01&quot;,&quot;id&quot;:&quot;28434&quot;,&quot;type&quot;:&quot;RAYON&quot;,&quot;picto&quot;:null,&quot;level&quot;:3,&quot;sellerId&quot;:null,&quot;slug&quot;:&quot;mon-poissonnier&quot;,&quot;selected&quot;:false,&quot;children&quot;:[{&quot;name&quot;:&quot;Saumons et truites&quot;,&quot;code&quot;:&quot;R04F05SF01SS01&quot;,&quot;id&quot;:&quot;28435&quot;,&quot;type&quot;:&quot;RAYON&quot;,&quot;picto&quot;:null,&quot;level&quot;:4,&quot;sellerId&quot;:null,&quot;slug&quot;:&quot;saumons-et-truites&quot;,&quot;selected&quot;:false,&quot;children&quot;:null,&quot;layers&quot;:&quot;\/navigation\/28435\/layers&quot;,&quot;link&quot;:&quot;\/r\/viandes-et-poissons\/poissonnerie\/mon-poissonnier\/saumons-et-truites&quot;},{&quot;name&quot;:&quot;Filets et pav\u00e9s&quot;,&quot;code&quot;:&quot;R04F05SF01SS02&quot;,&quot;id&quot;:&quot;28436&quot;,&quot;type&quot;:&quot;RAYON&quot;,&quot;picto&quot;:null,&quot;level&quot;:4,&quot;sellerId&quot;:null,&quot;slug&quot;:&quot;filets-et-paves&quot;,&quot;selected&quot;:false,&quot;children&quot;:null,&quot;layers&quot;:&quot;\/navigation\/28436\/layers&quot;,&quot;link&quot;:&quot;\/r\/viandes-et-poissons\/poissonnerie\/mon-poissonnier\/filets-et-paves&quot;},{&quot;name&quot;:&quot;Crevettes&quot;,&quot;code&quot;:&quot;R04F05SF01SS03&quot;,&quot;id&quot;:&quot;28437&quot;,&quot;type&quot;:&quot;RAYON&quot;,&quot;picto&quot;:null,&quot;level&quot;:4,&quot;sellerId&quot;:null,&quot;slug&quot;:&quot;crevettes&quot;,&quot;selected&quot;:false,&quot;children&quot;:null,&quot;layers&quot;:&quot;\/navigation\/28437\/layers&quot;,&quot;link&quot;:&quot;\/r\/viandes-et-poissons\/poissonnerie\/mon-poissonnier\/crevettes&quot;},{&quot;name&quot;:&quot;Coquillages et crustac\u00e9s&quot;,&quot;code&quot;:&quot;R04F05SF01SS04&quot;,&quot;id&quot;:&quot;28438&quot;,&quot;type&quot;:&quot;RAYON&quot;,&quot;picto&quot;:null,&quot;level&quot;:4,&quot;sellerId&quot;:null,&quot;slug&quot;:&quot;coquillages-crustaces&quot;,&quot;selected&quot;:false,&quot;children&quot;:null,&quot;layers&quot;:&quot;\/navigation\/28438\/layers&quot;,&quot;link&quot;:&quot;\/r\/viandes-et-poissons\/poissonnerie\/mon-poissonnier\/coquillages-crustaces&quot;}],&quot;layers&quot;:&quot;\/navigation\/28434\/layers&quot;,&quot;link&quot;:&quot;\/r\/viandes-et-poissons\/poissonnerie\/mon-poissonnier&quot;},{&quot;name&quot;:&quot;Crevettes&quot;,&quot;code&quot;:&quot;R04F05SF02&quot;,&quot;id&quot;:&quot;28430&quot;,&quot;type&quot;:&quot;RAYON&quot;,&quot;picto&quot;:null,&quot;level&quot;:3,&quot;sellerId&quot;:null,&quot;slug&quot;:&quot;crevettes&quot;,&quot;selected&quot;:false,&quot;children&quot;:null,&quot;layers&quot;:&quot;\/navigation\/28430\/layers&quot;,&quot;link&quot;:&quot;\/r\/viandes-et-poissons\/poissonnerie\/crevettes&quot;},{&quot;name&quot;:&quot;Coquillages et Crustac\u00e9s&quot;,&quot;code&quot;:&quot;R04F05SF03&quot;,&quot;id&quot;:&quot;28429&quot;,&quot;type&quot;:&quot;RAYON&quot;,&quot;picto&quot;:null,&quot;level&quot;:3,&quot;sellerId&quot;:null,&quot;slug&quot;:&quot;coquillages-crustaces&quot;,&quot;selected&quot;:false,&quot;children&quot;:null,&quot;layers&quot;:&quot;\/navigation\/28429\/layers&quot;,&quot;link&quot;:&quot;\/r\/viandes-et-poissons\/poissonnerie\/coquillages-crustaces&quot;},{&quot;name&quot;:&quot;Filets et pav\u00e9s&quot;,&quot;code&quot;:&quot;R04F05SF04&quot;,&quot;id&quot;:&quot;1941&quot;,&quot;type&quot;:&quot;RAYON&quot;,&quot;picto&quot;:null,&quot;level&quot;:3,&quot;sellerId&quot;:null,&quot;slug&quot;:&quot;filets-et-paves&quot;,&quot;selected&quot;:false,&quot;children&quot;:null,&quot;layers&quot;:&quot;\/navigation\/1941\/layers&quot;,&quot;link&quot;:&quot;\/r\/viandes-et-poissons\/poissonnerie\/filets-et-paves&quot;},{&quot;name&quot;:&quot;Saumons et Truites&quot;,&quot;code&quot;:&quot;R04F05SF05&quot;,&quot;id&quot;:&quot;28431&quot;,&quot;type&quot;:&quot;RAYON&quot;,&quot;picto&quot;:null,&quot;level&quot;:3,&quot;sellerId&quot;:null,&quot;slug&quot;:&quot;saumons-et-truites&quot;,&quot;selected&quot;:false,&quot;children&quot;:[{&quot;name&quot;:&quot;Saumons&quot;,&quot;code&quot;:&quot;R04F05SF05SS01&quot;,&quot;id&quot;:&quot;28432&quot;,&quot;type&quot;:&quot;RAYON&quot;,&quot;picto&quot;:null,&quot;level&quot;:4,&quot;sellerId&quot;:null,&quot;slug&quot;:&quot;saumons&quot;,&quot;selected&quot;:false,&quot;children&quot;:null,&quot;layers&quot;:&quot;\/navigation\/28432\/layers&quot;,&quot;link&quot;:&quot;\/r\/viandes-et-poissons\/poissonnerie\/saumons-et-truites\/saumons&quot;},{&quot;name&quot;:&quot;Truites&quot;,&quot;code&quot;:&quot;R04F05SF05SS02&quot;,&quot;id&quot;:&quot;28433&quot;,&quot;type&quot;:&quot;RAYON&quot;,&quot;picto&quot;:null,&quot;level&quot;:4,&quot;sellerId&quot;:null,&quot;slug&quot;:&quot;truites&quot;,&quot;selected&quot;:false,&quot;children&quot;:null,&quot;layers&quot;:&quot;\/navigation\/28433\/layers&quot;,&quot;link&quot;:&quot;\/r\/viandes-et-poissons\/poissonnerie\/saumons-et-truites\/truites&quot;}],&quot;layers&quot;:&quot;\/navigation\/28431\/layers&quot;,&quot;link&quot;:&quot;\/r\/viandes-et-poissons\/poissonnerie\/saumons-et-truites&quot;},{&quot;name&quot;:&quot;Soupes de poisson et accompagnements&quot;,&quot;code&quot;:&quot;R03F03SF10&quot;,&quot;id&quot;:&quot;1951&quot;,&quot;type&quot;:&quot;RAYON&quot;,&quot;picto&quot;:null,&quot;level&quot;:3,&quot;sellerId&quot;:null,&quot;slug&quot;:&quot;soupes-de-poisson-et-accompagnements&quot;,&quot;selected&quot;:false,&quot;children&quot;:null,&quot;layers&quot;:&quot;\/navigation\/1951\/layers&quot;,&quot;link&quot;:&quot;\/r\/viandes-et-poissons\/poissonnerie\/soupes-de-poisson-et-accompagnements&quot;}],&quot;layers&quot;:&quot;\/navigation\/1938\/layers&quot;,&quot;link&quot;:&quot;\/r\/viandes-et-poissons\/poissonnerie&quot;},{&quot;name&quot;:&quot;Poissonnerie bio&quot;,&quot;code&quot;:&quot;R04F06&quot;,&quot;id&quot;:&quot;28419&quot;,&quot;type&quot;:&quot;RAYON&quot;,&quot;picto&quot;:null,&quot;level&quot;:2,&quot;sellerId&quot;:null,&quot;slug&quot;:&quot;poissonnerie-bio&quot;,&quot;selected&quot;:false,&quot;children&quot;:null,&quot;layers&quot;:&quot;\/navigation\/28419\/layers&quot;,&quot;link&quot;:&quot;\/r\/viandes-et-poissons\/poissonnerie-bio&quot;},{&quot;name&quot;:&quot;Traiteur de la mer&quot;,&quot;code&quot;:&quot;R04F07&quot;,&quot;id&quot;:&quot;28418&quot;,&quot;type&quot;:&quot;RAYON&quot;,&quot;picto&quot;:&quot;https:\/\/media.carrefour.fr\/medias\/60f690b9b6e5374a971cf10310972b62\/p_96x96\/28418.jpg&quot;,&quot;level&quot;:2,&quot;sellerId&quot;:null,&quot;slug&quot;:&quot;traiteur-mer&quot;,&quot;selected&quot;:false,&quot;children&quot;:[{&quot;name&quot;:&quot;Sushis&quot;,&quot;code&quot;:&quot;R04F07SF01&quot;,&quot;id&quot;:&quot;28422&quot;,&quot;type&quot;:&quot;RAYON&quot;,&quot;picto&quot;:null,&quot;level&quot;:3,&quot;sellerId&quot;:null,&quot;slug&quot;:&quot;sushis&quot;,&quot;selected&quot;:false,&quot;children&quot;:null,&quot;layers&quot;:&quot;\/navigation\/28422\/layers&quot;,&quot;link&quot;:&quot;\/r\/viandes-et-poissons\/traiteur-mer\/sushis&quot;},{&quot;name&quot;:&quot;Poissons pan\u00e9s et cuisin\u00e9s&quot;,&quot;code&quot;:&quot;R04F07SF03&quot;,&quot;id&quot;:&quot;28423&quot;,&quot;type&quot;:&quot;RAYON&quot;,&quot;picto&quot;:null,&quot;level&quot;:3,&quot;sellerId&quot;:null,&quot;slug&quot;:&quot;poissons-panes-cuisines&quot;,&quot;selected&quot;:false,&quot;children&quot;:null,&quot;layers&quot;:&quot;\/navigation\/28423\/layers&quot;,&quot;link&quot;:&quot;\/r\/viandes-et-poissons\/traiteur-mer\/poissons-panes-cuisines&quot;},{&quot;name&quot;:&quot;Saumons et Poissons fum\u00e9s&quot;,&quot;code&quot;:&quot;R04F07SF03&quot;,&quot;id&quot;:&quot;28424&quot;,&quot;type&quot;:&quot;RAYON&quot;,&quot;picto&quot;:null,&quot;level&quot;:3,&quot;sellerId&quot;:null,&quot;slug&quot;:&quot;saumons-poissons-fumes&quot;,&quot;selected&quot;:false,&quot;children&quot;:[{&quot;name&quot;:&quot;Saumons fum\u00e9s&quot;,&quot;code&quot;:&quot;R04F07SF01SS01&quot;,&quot;id&quot;:&quot;28552&quot;,&quot;type&quot;:&quot;RAYON&quot;,&quot;picto&quot;:null,&quot;level&quot;:4,&quot;sellerId&quot;:null,&quot;slug&quot;:&quot;saumons-fumes&quot;,&quot;selected&quot;:false,&quot;children&quot;:null,&quot;layers&quot;:&quot;\/navigation\/28552\/layers&quot;,&quot;link&quot;:&quot;\/r\/viandes-et-poissons\/traiteur-mer\/saumons-poissons-fumes\/saumons-fumes&quot;},{&quot;name&quot;:&quot;Truites fum\u00e9es&quot;,&quot;code&quot;:&quot;R04F07SF01SS02&quot;,&quot;id&quot;:&quot;28553&quot;,&quot;type&quot;:&quot;RAYON&quot;,&quot;picto&quot;:null,&quot;level&quot;:4,&quot;sellerId&quot;:null,&quot;slug&quot;:&quot;truites-fumees&quot;,&quot;selected&quot;:false,&quot;children&quot;:null,&quot;layers&quot;:&quot;\/navigation\/28553\/layers&quot;,&quot;link&quot;:&quot;\/r\/viandes-et-poissons\/traiteur-mer\/saumons-poissons-fumes\/truites-fumees&quot;},{&quot;name&quot;:&quot;Poissons fum\u00e9s&quot;,&quot;code&quot;:&quot;R04F07SF03SS03&quot;,&quot;id&quot;:&quot;28554&quot;,&quot;type&quot;:&quot;RAYON&quot;,&quot;picto&quot;:null,&quot;level&quot;:4,&quot;sellerId&quot;:null,&quot;slug&quot;:&quot;poissons-fumes&quot;,&quot;selected&quot;:false,&quot;children&quot;:null,&quot;layers&quot;:&quot;\/navigation\/28554\/layers&quot;,&quot;link&quot;:&quot;\/r\/viandes-et-poissons\/traiteur-mer\/saumons-poissons-fumes\/poissons-fumes&quot;}],&quot;layers&quot;:&quot;\/navigation\/28424\/layers&quot;,&quot;link&quot;:&quot;\/r\/viandes-et-poissons\/traiteur-mer\/saumons-poissons-fumes&quot;},{&quot;name&quot;:&quot;Surimis&quot;,&quot;code&quot;:&quot;R04F07SF04&quot;,&quot;id&quot;:&quot;28425&quot;,&quot;type&quot;:&quot;RAYON&quot;,&quot;picto&quot;:null,&quot;level&quot;:3,&quot;sellerId&quot;:null,&quot;slug&quot;:&quot;surimis&quot;,&quot;selected&quot;:false,&quot;children&quot;:null,&quot;layers&quot;:&quot;\/navigation\/28425\/layers&quot;,&quot;link&quot;:&quot;\/r\/viandes-et-poissons\/traiteur-mer\/surimis&quot;},{&quot;name&quot;:&quot;Tarama et Tartinables&quot;,&quot;code&quot;:&quot;R04F07SF05&quot;,&quot;id&quot;:&quot;28426&quot;,&quot;type&quot;:&quot;RAYON&quot;,&quot;picto&quot;:null,&quot;level&quot;:3,&quot;sellerId&quot;:null,&quot;slug&quot;:&quot;tarama-tartinables&quot;,&quot;selected&quot;:false,&quot;children&quot;:null,&quot;layers&quot;:&quot;\/navigation\/28426\/layers&quot;,&quot;link&quot;:&quot;\/r\/viandes-et-poissons\/traiteur-mer\/tarama-tartinables&quot;},{&quot;name&quot;:&quot;Canap\u00e9s et Blinis&quot;,&quot;code&quot;:&quot;R04F07SF06&quot;,&quot;id&quot;:&quot;28427&quot;,&quot;type&quot;:&quot;RAYON&quot;,&quot;picto&quot;:null,&quot;level&quot;:3,&quot;sellerId&quot;:null,&quot;slug&quot;:&quot;canapes-blinis&quot;,&quot;selected&quot;:false,&quot;children&quot;:null,&quot;layers&quot;:&quot;\/navigation\/28427\/layers&quot;,&quot;link&quot;:&quot;\/r\/viandes-et-poissons\/traiteur-mer\/canapes-blinis&quot;},{&quot;name&quot;:&quot;Soupes de poisson et Accompagnements&quot;,&quot;code&quot;:&quot;R04F07SF07&quot;,&quot;id&quot;:&quot;28428&quot;,&quot;type&quot;:&quot;RAYON&quot;,&quot;picto&quot;:null,&quot;level&quot;:3,&quot;sellerId&quot;:null,&quot;slug&quot;:&quot;soupes-poisson-accompagnements&quot;,&quot;selected&quot;:false,&quot;children&quot;:null,&quot;layers&quot;:&quot;\/navigation\/28428\/layers&quot;,&quot;link&quot;:&quot;\/r\/viandes-et-poissons\/traiteur-mer\/soupes-poisson-accompagnements&quot;}],&quot;layers&quot;:&quot;\/navigation\/28418\/layers&quot;,&quot;link&quot;:&quot;\/r\/viandes-et-poissons\/traiteur-mer&quot;}],&quot;layers&quot;:&quot;\/navigation\/1921\/layers&quot;,&quot;link&quot;:&quot;\/r\/viandes-et-poissons&quot;},{&quot;name&quot;:&quot;Pains et P\u00e2tisseries&quot;,&quot;code&quot;:&quot;R05&quot;,&quot;id&quot;:&quot;1952&quot;,&quot;type&quot;:&quot;RAYON&quot;,&quot;picto&quot;:&quot;https:\/\/media.carrefour.fr\/medias\/7555898f95a53010996592b7d2ecf854\/p_96x96\/1952.jpg&quot;,&quot;level&quot;:1,&quot;sellerId&quot;:null,&quot;slug&quot;:&quot;pains-et-patisseries&quot;,&quot;selected&quot;:false,&quot;children&quot;:[{&quot;name&quot;:&quot;Mon p\u00e2tissier&quot;,&quot;code&quot;:&quot;R05F01&quot;,&quot;id&quot;:&quot;1956&quot;,&quot;type&quot;:&quot;RAYON&quot;,&quot;picto&quot;:&quot;https:\/\/media.carrefour.fr\/medias\/9605b73e799e32539e77722b1035bd44\/p_96x96\/1956.jpg&quot;,&quot;level&quot;:2,&quot;sellerId&quot;:null,&quot;slug&quot;:&quot;mon-patissier&quot;,&quot;selected&quot;:false,&quot;children&quot;:[{&quot;name&quot;:&quot;B\u00fbches et Galettes des rois&quot;,&quot;code&quot;:&quot;R05F01SF01&quot;,&quot;id&quot;:&quot;1957&quot;,&quot;type&quot;:&quot;RAYON&quot;,&quot;picto&quot;:null,&quot;level&quot;:3,&quot;sellerId&quot;:null,&quot;slug&quot;:&quot;buches-et-galettes-des-rois&quot;,&quot;selected&quot;:false,&quot;children&quot;:null,&quot;layers&quot;:&quot;\/navigation\/1957\/layers&quot;,&quot;link&quot;:&quot;\/r\/pains-et-patisseries\/mon-patissier\/buches-et-galettes-des-rois&quot;},{&quot;name&quot;:&quot;G\u00e2teaux&quot;,&quot;code&quot;:&quot;R05F01SF02&quot;,&quot;id&quot;:&quot;1958&quot;,&quot;type&quot;:&quot;RAYON&quot;,&quot;picto&quot;:null,&quot;level&quot;:3,&quot;sellerId&quot;:null,&quot;slug&quot;:&quot;gateaux&quot;,&quot;selected&quot;:false,&quot;children&quot;:null,&quot;layers&quot;:&quot;\/navigation\/1958\/layers&quot;,&quot;link&quot;:&quot;\/r\/pains-et-patisseries\/mon-patissier\/gateaux&quot;},{&quot;name&quot;:&quot;Biscuits et Gourmandises&quot;,&quot;code&quot;:&quot;R05F01SF03&quot;,&quot;id&quot;:&quot;1959&quot;,&quot;type&quot;:&quot;RAYON&quot;,&quot;picto&quot;:null,&quot;level&quot;:3,&quot;sellerId&quot;:null,&quot;slug&quot;:&quot;biscuits-et-gourmandises&quot;,&quot;selected&quot;:false,&quot;children&quot;:null,&quot;layers&quot;:&quot;\/navigation\/1959\/layers&quot;,&quot;link&quot;:&quot;\/r\/pains-et-patisseries\/mon-patissier\/biscuits-et-gourmandises&quot;}],&quot;layers&quot;:&quot;\/navigation\/1956\/layers&quot;,&quot;link&quot;:&quot;\/r\/pains-et-patisseries\/mon-patissier&quot;},{&quot;name&quot;:&quot;Mon boulanger&quot;,&quot;code&quot;:&quot;R05F02&quot;,&quot;id&quot;:&quot;1953&quot;,&quot;type&quot;:&quot;RAYON&quot;,&quot;picto&quot;:&quot;https:\/\/media.carrefour.fr\/medias\/419d72aeb74831d8bae1e05daf95e37d\/p_96x96\/1953.jpg&quot;,&quot;level&quot;:2,&quot;sellerId&quot;:null,&quot;slug&quot;:&quot;mon-boulanger&quot;,&quot;selected&quot;:false,&quot;children&quot;:[{&quot;name&quot;:&quot;Pains&quot;,&quot;code&quot;:&quot;R05F02SF01&quot;,&quot;id&quot;:&quot;1954&quot;,&quot;type&quot;:&quot;RAYON&quot;,&quot;picto&quot;:null,&quot;level&quot;:3,&quot;sellerId&quot;:null,&quot;slug&quot;:&quot;pain&quot;,&quot;selected&quot;:false,&quot;children&quot;:null,&quot;layers&quot;:&quot;\/navigation\/1954\/layers&quot;,&quot;link&quot;:&quot;\/r\/pains-et-patisseries\/mon-boulanger\/pain&quot;},{&quot;name&quot;:&quot;Baguettes&quot;,&quot;code&quot;:&quot;R05F02SF02&quot;,&quot;id&quot;:&quot;1955&quot;,&quot;type&quot;:&quot;RAYON&quot;,&quot;picto&quot;:null,&quot;level&quot;:3,&quot;sellerId&quot;:null,&quot;slug&quot;:&quot;baguettes&quot;,&quot;selected&quot;:false,&quot;children&quot;:null,&quot;layers&quot;:&quot;\/navigation\/1955\/layers&quot;,&quot;link&quot;:&quot;\/r\/pains-et-patisseries\/mon-boulanger\/baguettes&quot;}],&quot;layers&quot;:&quot;\/navigation\/1953\/layers&quot;,&quot;link&quot;:&quot;\/r\/pains-et-patisseries\/mon-boulanger&quot;},{&quot;name&quot;:&quot;Viennoiseries et Brioches&quot;,&quot;code&quot;:&quot;R05F03&quot;,&quot;id&quot;:&quot;1960&quot;,&quot;type&quot;:&quot;RAYON&quot;,&quot;picto&quot;:&quot;https:\/\/media.carrefour.fr\/medias\/807216684a4339528008c4b0417d3da2\/p_96x96\/1960.jpg&quot;,&quot;level&quot;:2,&quot;sellerId&quot;:null,&quot;slug&quot;:&quot;viennoiseries-et-brioches&quot;,&quot;selected&quot;:false,&quot;children&quot;:[{&quot;name&quot;:&quot;Viennoiseries&quot;,&quot;code&quot;:&quot;R05F03SF01&quot;,&quot;id&quot;:&quot;1961&quot;,&quot;type&quot;:&quot;RAYON&quot;,&quot;picto&quot;:null,&quot;level&quot;:3,&quot;sellerId&quot;:null,&quot;slug&quot;:&quot;viennoiseries&quot;,&quot;selected&quot;:false,&quot;children&quot;:null,&quot;layers&quot;:&quot;\/navigation\/1961\/layers&quot;,&quot;link&quot;:&quot;\/r\/pains-et-patisseries\/viennoiseries-et-brioches\/viennoiseries&quot;},{&quot;name&quot;:&quot;Brioches et Pains au lait&quot;,&quot;code&quot;:&quot;R05F03SF02&quot;,&quot;id&quot;:&quot;1962&quot;,&quot;type&quot;:&quot;RAYON&quot;,&quot;picto&quot;:null,&quot;level&quot;:3,&quot;sellerId&quot;:null,&quot;slug&quot;:&quot;brioches-et-pains-au-lait&quot;,&quot;selected&quot;:false,&quot;children&quot;:null,&quot;layers&quot;:&quot;\/navigation\/1962\/layers&quot;,&quot;link&quot;:&quot;\/r\/pains-et-patisseries\/viennoiseries-et-brioches\/brioches-et-pains-au-lait&quot;},{&quot;name&quot;:&quot;Madeleines, Mignardises et Cakes&quot;,&quot;code&quot;:&quot;R05F03SF03&quot;,&quot;id&quot;:&quot;1963&quot;,&quot;type&quot;:&quot;RAYON&quot;,&quot;picto&quot;:null,&quot;level&quot;:3,&quot;sellerId&quot;:null,&quot;slug&quot;:&quot;madeleines-mignardises-et-cakes&quot;,&quot;selected&quot;:false,&quot;children&quot;:null,&quot;layers&quot;:&quot;\/navigation\/1963\/layers&quot;,&quot;link&quot;:&quot;\/r\/pains-et-patisseries\/viennoiseries-et-brioches\/madeleines-mignardises-et-cakes&quot;}],&quot;layers&quot;:&quot;\/navigation\/1960\/layers&quot;,&quot;link&quot;:&quot;\/r\/pains-et-patisseries\/viennoiseries-et-brioches&quot;},{&quot;name&quot;:&quot;Pains de mie, Pr\u00e9cuits et Burger&quot;,&quot;code&quot;:&quot;R05F04&quot;,&quot;id&quot;:&quot;1964&quot;,&quot;type&quot;:&quot;RAYON&quot;,&quot;picto&quot;:&quot;https:\/\/media.carrefour.fr\/medias\/5ef56c115e1034f49898ad152963eaa1\/p_96x96\/1964.jpg&quot;,&quot;level&quot;:2,&quot;sellerId&quot;:null,&quot;slug&quot;:&quot;pains-de-mie-precuits-et-burger&quot;,&quot;selected&quot;:false,&quot;children&quot;:[{&quot;name&quot;:&quot;Pains de mie&quot;,&quot;code&quot;:&quot;R05F04SF01&quot;,&quot;id&quot;:&quot;1965&quot;,&quot;type&quot;:&quot;RAYON&quot;,&quot;picto&quot;:null,&quot;level&quot;:3,&quot;sellerId&quot;:null,&quot;slug&quot;:&quot;pains-de-mie&quot;,&quot;selected&quot;:false,&quot;children&quot;:null,&quot;layers&quot;:&quot;\/navigation\/1965\/layers&quot;,&quot;link&quot;:&quot;\/r\/pains-et-patisseries\/pains-de-mie-precuits-et-burger\/pains-de-mie&quot;},{&quot;name&quot;:&quot;Pains burger et Pains pr\u00e9cuits&quot;,&quot;code&quot;:&quot;R05F04SF02&quot;,&quot;id&quot;:&quot;1966&quot;,&quot;type&quot;:&quot;RAYON&quot;,&quot;picto&quot;:null,&quot;level&quot;:3,&quot;sellerId&quot;:null,&quot;slug&quot;:&quot;pains-burger-et-pains-precuits&quot;,&quot;selected&quot;:false,&quot;children&quot;:null,&quot;layers&quot;:&quot;\/navigation\/1966\/layers&quot;,&quot;link&quot;:&quot;\/r\/pains-et-patisseries\/pains-de-mie-precuits-et-burger\/pains-burger-et-pains-precuits&quot;}],&quot;layers&quot;:&quot;\/navigation\/1964\/layers&quot;,&quot;link&quot;:&quot;\/r\/pains-et-patisseries\/pains-de-mie-precuits-et-burger&quot;}],&quot;layers&quot;:&quot;\/navigation\/1952\/layers&quot;,&quot;link&quot;:&quot;\/r\/pains-et-patisseries&quot;},{&quot;name&quot;:&quot;Frais&quot;,&quot;code&quot;:&quot;R06&quot;,&quot;id&quot;:&quot;28127&quot;,&quot;type&quot;:&quot;RAYON&quot;,&quot;picto&quot;:&quot;https:\/\/media.carrefour.fr\/medias\/9fb528d6d5db306cb9f413840d7b6425\/p_96x96\/28127.jpg&quot;,&quot;level&quot;:1,&quot;sellerId&quot;:null,&quot;slug&quot;:&quot;frais&quot;,&quot;selected&quot;:false,&quot;children&quot;:[{&quot;name&quot;:&quot;Traiteur&quot;,&quot;code&quot;:&quot;R06F01&quot;,&quot;id&quot;:&quot;28133&quot;,&quot;type&quot;:&quot;RAYON&quot;,&quot;picto&quot;:&quot;https:\/\/media.carrefour.fr\/medias\/80c220c3e4e4329da11d4dfeb1a1b5a6\/p_96x96\/28133.jpg&quot;,&quot;level&quot;:2,&quot;sellerId&quot;:null,&quot;slug&quot;:&quot;traiteur&quot;,&quot;selected&quot;:false,&quot;children&quot;:[{&quot;name&quot;:&quot;Traiteur traditionnel &quot;,&quot;code&quot;:&quot;R06F01SF01&quot;,&quot;id&quot;:&quot;28326&quot;,&quot;type&quot;:&quot;RAYON&quot;,&quot;picto&quot;:null,&quot;level&quot;:3,&quot;sellerId&quot;:null,&quot;slug&quot;:&quot;traiteur-traditionnel&quot;,&quot;selected&quot;:false,&quot;children&quot;:[{&quot;name&quot;:&quot;Ap\u00e9ritifs et Entr\u00e9es&quot;,&quot;code&quot;:&quot;R06F01SF01SS01&quot;,&quot;id&quot;:&quot;28327&quot;,&quot;type&quot;:&quot;RAYON&quot;,&quot;picto&quot;:null,&quot;level&quot;:4,&quot;sellerId&quot;:null,&quot;slug&quot;:&quot;aperitifs-entrees&quot;,&quot;selected&quot;:false,&quot;children&quot;:null,&quot;layers&quot;:&quot;\/navigation\/28327\/layers&quot;,&quot;link&quot;:&quot;\/r\/frais\/traiteur\/traiteur-traditionnel\/aperitifs-entrees&quot;},{&quot;name&quot;:&quot;Salades&quot;,&quot;code&quot;:&quot;R06F01SF01SS02&quot;,&quot;id&quot;:&quot;28328&quot;,&quot;type&quot;:&quot;RAYON&quot;,&quot;picto&quot;:null,&quot;level&quot;:4,&quot;sellerId&quot;:null,&quot;slug&quot;:&quot;salades&quot;,&quot;selected&quot;:false,&quot;children&quot;:null,&quot;layers&quot;:&quot;\/navigation\/28328\/layers&quot;,&quot;link&quot;:&quot;\/r\/frais\/traiteur\/traiteur-traditionnel\/salades&quot;},{&quot;name&quot;:&quot;Plats cuisin\u00e9s&quot;,&quot;code&quot;:&quot;R06F01SF01SS03&quot;,&quot;id&quot;:&quot;28329&quot;,&quot;type&quot;:&quot;RAYON&quot;,&quot;picto&quot;:null,&quot;level&quot;:4,&quot;sellerId&quot;:null,&quot;slug&quot;:&quot;plats-cuisines&quot;,&quot;selected&quot;:false,&quot;children&quot;:null,&quot;layers&quot;:&quot;\/navigation\/28329\/layers&quot;,&quot;link&quot;:&quot;\/r\/frais\/traiteur\/traiteur-traditionnel\/plats-cuisines&quot;},{&quot;name&quot;:&quot;P\u00e2tes fra\u00eeches&quot;,&quot;code&quot;:&quot;R06F01SF01SS04&quot;,&quot;id&quot;:&quot;28330&quot;,&quot;type&quot;:&quot;RAYON&quot;,&quot;picto&quot;:null,&quot;level&quot;:4,&quot;sellerId&quot;:null,&quot;slug&quot;:&quot;pates-fraiches&quot;,&quot;selected&quot;:false,&quot;children&quot;:null,&quot;layers&quot;:&quot;\/navigation\/28330\/layers&quot;,&quot;link&quot;:&quot;\/r\/frais\/traiteur\/traiteur-traditionnel\/pates-fraiches&quot;},{&quot;name&quot;:&quot;R\u00f4tisserie&quot;,&quot;code&quot;:&quot;R06F01SF01SS05&quot;,&quot;id&quot;:&quot;28331&quot;,&quot;type&quot;:&quot;RAYON&quot;,&quot;picto&quot;:null,&quot;level&quot;:4,&quot;sellerId&quot;:null,&quot;slug&quot;:&quot;rotisserie&quot;,&quot;selected&quot;:false,&quot;children&quot;:null,&quot;layers&quot;:&quot;\/navigation\/28331\/layers&quot;,&quot;link&quot;:&quot;\/r\/frais\/traiteur\/traiteur-traditionnel\/rotisserie&quot;}],&quot;layers&quot;:&quot;\/navigation\/28326\/layers&quot;,&quot;link&quot;:&quot;\/r\/frais\/traiteur\/traiteur-traditionnel&quot;},{&quot;name&quot;:&quot;Ap\u00e9ritifs et Entr\u00e9es&quot;,&quot;code&quot;:&quot;R06F01SF02&quot;,&quot;id&quot;:&quot;28206&quot;,&quot;type&quot;:&quot;RAYON&quot;,&quot;picto&quot;:null,&quot;level&quot;:3,&quot;sellerId&quot;:null,&quot;slug&quot;:&quot;aperitifs-entrees&quot;,&quot;selected&quot;:false,&quot;children&quot;:[{&quot;name&quot;:&quot;Tapas et Entr\u00e9es&quot;,&quot;code&quot;:&quot;R06F01SF02SS01&quot;,&quot;id&quot;:&quot;28337&quot;,&quot;type&quot;:&quot;RAYON&quot;,&quot;picto&quot;:null,&quot;level&quot;:4,&quot;sellerId&quot;:null,&quot;slug&quot;:&quot;tapas-entrees&quot;,&quot;selected&quot;:false,&quot;children&quot;:null,&quot;layers&quot;:&quot;\/navigation\/28337\/layers&quot;,&quot;link&quot;:&quot;\/r\/frais\/traiteur\/aperitifs-entrees\/tapas-entrees&quot;},{&quot;name&quot;:&quot;Tartinables et Olives&quot;,&quot;code&quot;:&quot;R06F01SF02SS02&quot;,&quot;id&quot;:&quot;28338&quot;,&quot;type&quot;:&quot;RAYON&quot;,&quot;picto&quot;:null,&quot;level&quot;:4,&quot;sellerId&quot;:null,&quot;slug&quot;:&quot;tartinables-olives&quot;,&quot;selected&quot;:false,&quot;children&quot;:null,&quot;layers&quot;:&quot;\/navigation\/28338\/layers&quot;,&quot;link&quot;:&quot;\/r\/frais\/traiteur\/aperitifs-entrees\/tartinables-olives&quot;}],&quot;layers&quot;:&quot;\/navigation\/28206\/layers&quot;,&quot;link&quot;:&quot;\/r\/frais\/traiteur\/aperitifs-entrees&quot;},{&quot;name&quot;:&quot;Traiteur de la mer&quot;,&quot;code&quot;:&quot;R06F01SF03&quot;,&quot;id&quot;:&quot;28367&quot;,&quot;type&quot;:&quot;RAYON&quot;,&quot;picto&quot;:null,&quot;level&quot;:3,&quot;sellerId&quot;:null,&quot;slug&quot;:&quot;traiteur-mer&quot;,&quot;selected&quot;:false,&quot;children&quot;:[{&quot;name&quot;:&quot;Saumons et Poissons fum\u00e9s&quot;,&quot;code&quot;:&quot;R06F01SF03SS01&quot;,&quot;id&quot;:&quot;28370&quot;,&quot;type&quot;:&quot;RAYON&quot;,&quot;picto&quot;:null,&quot;level&quot;:4,&quot;sellerId&quot;:null,&quot;slug&quot;:&quot;saumons-poissons-fumes&quot;,&quot;selected&quot;:false,&quot;children&quot;:null,&quot;layers&quot;:&quot;\/navigation\/28370\/layers&quot;,&quot;link&quot;:&quot;\/r\/frais\/traiteur\/traiteur-mer\/saumons-poissons-fumes&quot;},{&quot;name&quot;:&quot;Poissons pan\u00e9s et cuisin\u00e9s&quot;,&quot;code&quot;:&quot;R06F01SF08SS02&quot;,&quot;id&quot;:&quot;28369&quot;,&quot;type&quot;:&quot;RAYON&quot;,&quot;picto&quot;:null,&quot;level&quot;:4,&quot;sellerId&quot;:null,&quot;slug&quot;:&quot;poissons-panes-cuisines&quot;,&quot;selected&quot;:false,&quot;children&quot;:null,&quot;layers&quot;:&quot;\/navigation\/28369\/layers&quot;,&quot;link&quot;:&quot;\/r\/frais\/traiteur\/traiteur-mer\/poissons-panes-cuisines&quot;},{&quot;name&quot;:&quot;Tarama et Tartinables&quot;,&quot;code&quot;:&quot;R06F01SF03SS05&quot;,&quot;id&quot;:&quot;28372&quot;,&quot;type&quot;:&quot;RAYON&quot;,&quot;picto&quot;:null,&quot;level&quot;:4,&quot;sellerId&quot;:null,&quot;slug&quot;:&quot;tarama-tartinables&quot;,&quot;selected&quot;:false,&quot;children&quot;:null,&quot;layers&quot;:&quot;\/navigation\/28372\/layers&quot;,&quot;link&quot;:&quot;\/r\/frais\/traiteur\/traiteur-mer\/tarama-tartinables&quot;},{&quot;name&quot;:&quot;Canap\u00e9s et Blinis&quot;,&quot;code&quot;:&quot;R06F01SF03SS06&quot;,&quot;id&quot;:&quot;28373&quot;,&quot;type&quot;:&quot;RAYON&quot;,&quot;picto&quot;:null,&quot;level&quot;:4,&quot;sellerId&quot;:null,&quot;slug&quot;:&quot;canapes-blinis&quot;,&quot;selected&quot;:false,&quot;children&quot;:null,&quot;layers&quot;:&quot;\/navigation\/28373\/layers&quot;,&quot;link&quot;:&quot;\/r\/frais\/traiteur\/traiteur-mer\/canapes-blinis&quot;},{&quot;name&quot;:&quot;Soupes de poisson et Accompagnements&quot;,&quot;code&quot;:&quot;R06F01SF03SS07&quot;,&quot;id&quot;:&quot;28374&quot;,&quot;type&quot;:&quot;RAYON&quot;,&quot;picto&quot;:null,&quot;level&quot;:4,&quot;sellerId&quot;:null,&quot;slug&quot;:&quot;soupes-poisson-accompagnements&quot;,&quot;selected&quot;:false,&quot;children&quot;:null,&quot;layers&quot;:&quot;\/navigation\/28374\/layers&quot;,&quot;link&quot;:&quot;\/r\/frais\/traiteur\/traiteur-mer\/soupes-poisson-accompagnements&quot;}],&quot;layers&quot;:&quot;\/navigation\/28367\/layers&quot;,&quot;link&quot;:&quot;\/r\/frais\/traiteur\/traiteur-mer&quot;},{&quot;name&quot;:&quot;Pizzas, Quiches et Croques&quot;,&quot;code&quot;:&quot;R06F01SF04&quot;,&quot;id&quot;:&quot;28332&quot;,&quot;type&quot;:&quot;RAYON&quot;,&quot;picto&quot;:null,&quot;level&quot;:3,&quot;sellerId&quot;:null,&quot;slug&quot;:&quot;pizzas-quiches-croques&quot;,&quot;selected&quot;:false,&quot;children&quot;:[{&quot;name&quot;:&quot;Pizzas&quot;,&quot;code&quot;:&quot;R06F01SF04SS01&quot;,&quot;id&quot;:&quot;28333&quot;,&quot;type&quot;:&quot;RAYON&quot;,&quot;picto&quot;:null,&quot;level&quot;:4,&quot;sellerId&quot;:null,&quot;slug&quot;:&quot;pizzas&quot;,&quot;selected&quot;:false,&quot;children&quot;:null,&quot;layers&quot;:&quot;\/navigation\/28333\/layers&quot;,&quot;link&quot;:&quot;\/r\/frais\/traiteur\/pizzas-quiches-croques\/pizzas&quot;},{&quot;name&quot;:&quot;Tartes et Quiches&quot;,&quot;code&quot;:&quot;R06F01SF04SS02&quot;,&quot;id&quot;:&quot;28334&quot;,&quot;type&quot;:&quot;RAYON&quot;,&quot;picto&quot;:null,&quot;level&quot;:4,&quot;sellerId&quot;:null,&quot;slug&quot;:&quot;tartes-quiches&quot;,&quot;selected&quot;:false,&quot;children&quot;:null,&quot;layers&quot;:&quot;\/navigation\/28334\/layers&quot;,&quot;link&quot;:&quot;\/r\/frais\/traiteur\/pizzas-quiches-croques\/tartes-quiches&quot;},{&quot;name&quot;:&quot;Flammekueche&quot;,&quot;code&quot;:&quot;R06F01SF04SS03&quot;,&quot;id&quot;:&quot;28335&quot;,&quot;type&quot;:&quot;RAYON&quot;,&quot;picto&quot;:null,&quot;level&quot;:4,&quot;sellerId&quot;:null,&quot;slug&quot;:&quot;flammekueche&quot;,&quot;selected&quot;:false,&quot;children&quot;:null,&quot;layers&quot;:&quot;\/navigation\/28335\/layers&quot;,&quot;link&quot;:&quot;\/r\/frais\/traiteur\/pizzas-quiches-croques\/flammekueche&quot;},{&quot;name&quot;:&quot;Croques-Monsieur&quot;,&quot;code&quot;:&quot;R06F01SF04SS04&quot;,&quot;id&quot;:&quot;28336&quot;,&quot;type&quot;:&quot;RAYON&quot;,&quot;picto&quot;:null,&quot;level&quot;:4,&quot;sellerId&quot;:null,&quot;slug&quot;:&quot;croques-monsieur&quot;,&quot;selected&quot;:false,&quot;children&quot;:null,&quot;layers&quot;:&quot;\/navigation\/28336\/layers&quot;,&quot;link&quot;:&quot;\/r\/frais\/traiteur\/pizzas-quiches-croques\/croques-monsieur&quot;}],&quot;layers&quot;:&quot;\/navigation\/28332\/layers&quot;,&quot;link&quot;:&quot;\/r\/frais\/traiteur\/pizzas-quiches-croques&quot;},{&quot;name&quot;:&quot;V\u00e9g\u00e9tarien&quot;,&quot;code&quot;:&quot;R06F01SF05&quot;,&quot;id&quot;:&quot;28211&quot;,&quot;type&quot;:&quot;RAYON&quot;,&quot;picto&quot;:null,&quot;level&quot;:3,&quot;sellerId&quot;:null,&quot;slug&quot;:&quot;vegetarien&quot;,&quot;selected&quot;:false,&quot;children&quot;:null,&quot;layers&quot;:&quot;\/navigation\/28211\/layers&quot;,&quot;link&quot;:&quot;\/r\/frais\/traiteur\/vegetarien&quot;},{&quot;name&quot;:&quot;P\u00e2tes \u00e0 tartes et Cr\u00eapes&quot;,&quot;code&quot;:&quot;R06F01SF06&quot;,&quot;id&quot;:&quot;28215&quot;,&quot;type&quot;:&quot;RAYON&quot;,&quot;picto&quot;:null,&quot;level&quot;:3,&quot;sellerId&quot;:null,&quot;slug&quot;:&quot;pates-tartes-crepes&quot;,&quot;selected&quot;:false,&quot;children&quot;:[{&quot;name&quot;:&quot;P\u00e2tes feuillet\u00e9es&quot;,&quot;code&quot;:&quot;R06F01SF06SS01&quot;,&quot;id&quot;:&quot;28216&quot;,&quot;type&quot;:&quot;RAYON&quot;,&quot;picto&quot;:null,&quot;level&quot;:4,&quot;sellerId&quot;:null,&quot;slug&quot;:&quot;pates-feuilletees&quot;,&quot;selected&quot;:false,&quot;children&quot;:null,&quot;layers&quot;:&quot;\/navigation\/28216\/layers&quot;,&quot;link&quot;:&quot;\/r\/frais\/traiteur\/pates-tartes-crepes\/pates-feuilletees&quot;},{&quot;name&quot;:&quot;P\u00e2tes bris\u00e9es&quot;,&quot;code&quot;:&quot;R06F01SF06SS02&quot;,&quot;id&quot;:&quot;28217&quot;,&quot;type&quot;:&quot;RAYON&quot;,&quot;picto&quot;:null,&quot;level&quot;:4,&quot;sellerId&quot;:null,&quot;slug&quot;:&quot;pates-brisees&quot;,&quot;selected&quot;:false,&quot;children&quot;:null,&quot;layers&quot;:&quot;\/navigation\/28217\/layers&quot;,&quot;link&quot;:&quot;\/r\/frais\/traiteur\/pates-tartes-crepes\/pates-brisees&quot;},{&quot;name&quot;:&quot;P\u00e2tes \u00e0 pizza&quot;,&quot;code&quot;:&quot;R06F01SF06SS03&quot;,&quot;id&quot;:&quot;28218&quot;,&quot;type&quot;:&quot;RAYON&quot;,&quot;picto&quot;:null,&quot;level&quot;:4,&quot;sellerId&quot;:null,&quot;slug&quot;:&quot;pates-pizza&quot;,&quot;selected&quot;:false,&quot;children&quot;:null,&quot;layers&quot;:&quot;\/navigation\/28218\/layers&quot;,&quot;link&quot;:&quot;\/r\/frais\/traiteur\/pates-tartes-crepes\/pates-pizza&quot;},{&quot;name&quot;:&quot;P\u00e2tes sabl\u00e9es&quot;,&quot;code&quot;:&quot;R06F01SF06SS04&quot;,&quot;id&quot;:&quot;28219&quot;,&quot;type&quot;:&quot;RAYON&quot;,&quot;picto&quot;:null,&quot;level&quot;:4,&quot;sellerId&quot;:null,&quot;slug&quot;:&quot;pates-sablees&quot;,&quot;selected&quot;:false,&quot;children&quot;:null,&quot;layers&quot;:&quot;\/navigation\/28219\/layers&quot;,&quot;link&quot;:&quot;\/r\/frais\/traiteur\/pates-tartes-crepes\/pates-sablees&quot;},{&quot;name&quot;:&quot;Feuilles de brick&quot;,&quot;code&quot;:&quot;R06F01SF06SS05&quot;,&quot;id&quot;:&quot;28220&quot;,&quot;type&quot;:&quot;RAYON&quot;,&quot;picto&quot;:null,&quot;level&quot;:4,&quot;sellerId&quot;:null,&quot;slug&quot;:&quot;feuilles-brick&quot;,&quot;selected&quot;:false,&quot;children&quot;:null,&quot;layers&quot;:&quot;\/navigation\/28220\/layers&quot;,&quot;link&quot;:&quot;\/r\/frais\/traiteur\/pates-tartes-crepes\/feuilles-brick&quot;},{&quot;name&quot;:&quot;Cr\u00eapes et Galettes&quot;,&quot;code&quot;:&quot;R06F01SF06SS06&quot;,&quot;id&quot;:&quot;28221&quot;,&quot;type&quot;:&quot;RAYON&quot;,&quot;picto&quot;:null,&quot;level&quot;:4,&quot;sellerId&quot;:null,&quot;slug&quot;:&quot;crepes-galettes&quot;,&quot;selected&quot;:false,&quot;children&quot;:null,&quot;layers&quot;:&quot;\/navigation\/28221\/layers&quot;,&quot;link&quot;:&quot;\/r\/frais\/traiteur\/pates-tartes-crepes\/crepes-galettes&quot;}],&quot;layers&quot;:&quot;\/navigation\/28215\/layers&quot;,&quot;link&quot;:&quot;\/r\/frais\/traiteur\/pates-tartes-crepes&quot;},{&quot;name&quot;:&quot;P\u00e2tes fra\u00eeches, Gnocchis et Quenelles&quot;,&quot;code&quot;:&quot;R06F01SF07&quot;,&quot;id&quot;:&quot;28339&quot;,&quot;type&quot;:&quot;RAYON&quot;,&quot;picto&quot;:null,&quot;level&quot;:3,&quot;sellerId&quot;:null,&quot;slug&quot;:&quot;pates-fraiches-gnocchis-quenelles&quot;,&quot;selected&quot;:false,&quot;children&quot;:[{&quot;name&quot;:&quot;P\u00e2tes fra\u00eeches&quot;,&quot;code&quot;:&quot;R06F01SF07SS01&quot;,&quot;id&quot;:&quot;28340&quot;,&quot;type&quot;:&quot;RAYON&quot;,&quot;picto&quot;:null,&quot;level&quot;:4,&quot;sellerId&quot;:null,&quot;slug&quot;:&quot;pates-fraiches&quot;,&quot;selected&quot;:false,&quot;children&quot;:null,&quot;layers&quot;:&quot;\/navigation\/28340\/layers&quot;,&quot;link&quot;:&quot;\/r\/frais\/traiteur\/pates-fraiches-gnocchis-quenelles\/pates-fraiches&quot;},{&quot;name&quot;:&quot;P\u00e2tes fra\u00eeches farcies&quot;,&quot;code&quot;:&quot;R06F01SF07SS02&quot;,&quot;id&quot;:&quot;28341&quot;,&quot;type&quot;:&quot;RAYON&quot;,&quot;picto&quot;:null,&quot;level&quot;:4,&quot;sellerId&quot;:null,&quot;slug&quot;:&quot;pates-fraiches-farcies&quot;,&quot;selected&quot;:false,&quot;children&quot;:null,&quot;layers&quot;:&quot;\/navigation\/28341\/layers&quot;,&quot;link&quot;:&quot;\/r\/frais\/traiteur\/pates-fraiches-gnocchis-quenelles\/pates-fraiches-farcies&quot;},{&quot;name&quot;:&quot;Gnocchis&quot;,&quot;code&quot;:&quot;R06F01SF07SS03&quot;,&quot;id&quot;:&quot;28342&quot;,&quot;type&quot;:&quot;RAYON&quot;,&quot;picto&quot;:null,&quot;level&quot;:4,&quot;sellerId&quot;:null,&quot;slug&quot;:&quot;gnocchis&quot;,&quot;selected&quot;:false,&quot;children&quot;:null,&quot;layers&quot;:&quot;\/navigation\/28342\/layers&quot;,&quot;link&quot;:&quot;\/r\/frais\/traiteur\/pates-fraiches-gnocchis-quenelles\/gnocchis&quot;},{&quot;name&quot;:&quot;Quenelles fra\u00eeches&quot;,&quot;code&quot;:&quot;R06F01SF07SS04&quot;,&quot;id&quot;:&quot;28343&quot;,&quot;type&quot;:&quot;RAYON&quot;,&quot;picto&quot;:null,&quot;level&quot;:4,&quot;sellerId&quot;:null,&quot;slug&quot;:&quot;quenelles-fraiches&quot;,&quot;selected&quot;:false,&quot;children&quot;:null,&quot;layers&quot;:&quot;\/navigation\/28343\/layers&quot;,&quot;link&quot;:&quot;\/r\/frais\/traiteur\/pates-fraiches-gnocchis-quenelles\/quenelles-fraiches&quot;}],&quot;layers&quot;:&quot;\/navigation\/28339\/layers&quot;,&quot;link&quot;:&quot;\/r\/frais\/traiteur\/pates-fraiches-gnocchis-quenelles&quot;},{&quot;name&quot;:&quot;Produits du monde&quot;,&quot;code&quot;:&quot;R06F01SF08&quot;,&quot;id&quot;:&quot;28344&quot;,&quot;type&quot;:&quot;RAYON&quot;,&quot;picto&quot;:null,&quot;level&quot;:3,&quot;sellerId&quot;:null,&quot;slug&quot;:&quot;produits-du-monde&quot;,&quot;selected&quot;:false,&quot;children&quot;:null,&quot;layers&quot;:&quot;\/navigation\/28344\/layers&quot;,&quot;link&quot;:&quot;\/r\/frais\/traiteur\/produits-du-monde&quot;},{&quot;name&quot;:&quot;Cordons bleus et Grignotes&quot;,&quot;code&quot;:&quot;R06F01SF09&quot;,&quot;id&quot;:&quot;28345&quot;,&quot;type&quot;:&quot;RAYON&quot;,&quot;picto&quot;:null,&quot;level&quot;:3,&quot;sellerId&quot;:null,&quot;slug&quot;:&quot;cordons-bleus-grignotes&quot;,&quot;selected&quot;:false,&quot;children&quot;:[{&quot;name&quot;:&quot;Cordons bleus&quot;,&quot;code&quot;:&quot;R06F01SF09SS01&quot;,&quot;id&quot;:&quot;28346&quot;,&quot;type&quot;:&quot;RAYON&quot;,&quot;picto&quot;:null,&quot;level&quot;:4,&quot;sellerId&quot;:null,&quot;slug&quot;:&quot;cordons-bleus&quot;,&quot;selected&quot;:false,&quot;children&quot;:null,&quot;layers&quot;:&quot;\/navigation\/28346\/layers&quot;,&quot;link&quot;:&quot;\/r\/frais\/traiteur\/cordons-bleus-grignotes\/cordons-bleus&quot;},{&quot;name&quot;:&quot;Nuggets&quot;,&quot;code&quot;:&quot;R06F01SF09SS02&quot;,&quot;id&quot;:&quot;28347&quot;,&quot;type&quot;:&quot;RAYON&quot;,&quot;picto&quot;:null,&quot;level&quot;:4,&quot;sellerId&quot;:null,&quot;slug&quot;:&quot;nuggets&quot;,&quot;selected&quot;:false,&quot;children&quot;:null,&quot;layers&quot;:&quot;\/navigation\/28347\/layers&quot;,&quot;link&quot;:&quot;\/r\/frais\/traiteur\/cordons-bleus-grignotes\/nuggets&quot;},{&quot;name&quot;:&quot;Grignottes&quot;,&quot;code&quot;:&quot;R06F01SF09SS03&quot;,&quot;id&quot;:&quot;28348&quot;,&quot;type&quot;:&quot;RAYON&quot;,&quot;picto&quot;:null,&quot;level&quot;:4,&quot;sellerId&quot;:null,&quot;slug&quot;:&quot;grignottes&quot;,&quot;selected&quot;:false,&quot;children&quot;:null,&quot;layers&quot;:&quot;\/navigation\/28348\/layers&quot;,&quot;link&quot;:&quot;\/r\/frais\/traiteur\/cordons-bleus-grignotes\/grignottes&quot;}],&quot;layers&quot;:&quot;\/navigation\/28345\/layers&quot;,&quot;link&quot;:&quot;\/r\/frais\/traiteur\/cordons-bleus-grignotes&quot;}],&quot;layers&quot;:&quot;\/navigation\/28133\/layers&quot;,&quot;link&quot;:&quot;\/r\/frais\/traiteur&quot;},{&quot;name&quot;:&quot;Fromages \u00e0 d\u00e9guster&quot;,&quot;code&quot;:&quot;R06F02&quot;,&quot;id&quot;:&quot;28129&quot;,&quot;type&quot;:&quot;RAYON&quot;,&quot;picto&quot;:&quot;https:\/\/media.carrefour.fr\/medias\/6654dedf70c235ab8dd892d72b533909\/p_96x96\/28129.jpg&quot;,&quot;level&quot;:2,&quot;sellerId&quot;:null,&quot;slug&quot;:&quot;fromages-a-deguster&quot;,&quot;selected&quot;:false,&quot;children&quot;:[{&quot;name&quot;:&quot;Fromages \u00e0 la coupe&quot;,&quot;code&quot;:&quot;R06F02SF01&quot;,&quot;id&quot;:&quot;28276&quot;,&quot;type&quot;:&quot;RAYON&quot;,&quot;picto&quot;:null,&quot;level&quot;:3,&quot;sellerId&quot;:null,&quot;slug&quot;:&quot;fromages-coupe&quot;,&quot;selected&quot;:false,&quot;children&quot;:[{&quot;name&quot;:&quot;Raclette, Tartiflette et Fondue&quot;,&quot;code&quot;:&quot;R06F02SF01SS01&quot;,&quot;id&quot;:&quot;28295&quot;,&quot;type&quot;:&quot;RAYON&quot;,&quot;picto&quot;:null,&quot;level&quot;:4,&quot;sellerId&quot;:null,&quot;slug&quot;:&quot;raclette-tartiflette-fondue&quot;,&quot;selected&quot;:false,&quot;children&quot;:null,&quot;layers&quot;:&quot;\/navigation\/28295\/layers&quot;,&quot;link&quot;:&quot;\/r\/frais\/fromages-a-deguster\/fromages-coupe\/raclette-tartiflette-fondue&quot;},{&quot;name&quot;:&quot;Emmental, Comt\u00e9 et Gouda&quot;,&quot;code&quot;:&quot;R06F02SF01SS02&quot;,&quot;id&quot;:&quot;28290&quot;,&quot;type&quot;:&quot;RAYON&quot;,&quot;picto&quot;:null,&quot;level&quot;:4,&quot;sellerId&quot;:null,&quot;slug&quot;:&quot;emmental-comte-gouda&quot;,&quot;selected&quot;:false,&quot;children&quot;:null,&quot;layers&quot;:&quot;\/navigation\/28290\/layers&quot;,&quot;link&quot;:&quot;\/r\/frais\/fromages-a-deguster\/fromages-coupe\/emmental-comte-gouda&quot;},{&quot;name&quot;:&quot;Camemberts, Coulommiers et Bries&quot;,&quot;code&quot;:&quot;R06F02SF01SS03&quot;,&quot;id&quot;:&quot;28291&quot;,&quot;type&quot;:&quot;RAYON&quot;,&quot;picto&quot;:null,&quot;level&quot;:4,&quot;sellerId&quot;:null,&quot;slug&quot;:&quot;camemberts-coulommiers-bries&quot;,&quot;selected&quot;:false,&quot;children&quot;:null,&quot;layers&quot;:&quot;\/navigation\/28291\/layers&quot;,&quot;link&quot;:&quot;\/r\/frais\/fromages-a-deguster\/fromages-coupe\/camemberts-coulommiers-bries&quot;},{&quot;name&quot;:&quot;Ch\u00e8vre et Brebis&quot;,&quot;code&quot;:&quot;R06F02SF01SS04&quot;,&quot;id&quot;:&quot;28292&quot;,&quot;type&quot;:&quot;RAYON&quot;,&quot;picto&quot;:null,&quot;level&quot;:4,&quot;sellerId&quot;:null,&quot;slug&quot;:&quot;chevre-et-brebis&quot;,&quot;selected&quot;:false,&quot;children&quot;:null,&quot;layers&quot;:&quot;\/navigation\/28292\/layers&quot;,&quot;link&quot;:&quot;\/r\/frais\/fromages-a-deguster\/fromages-coupe\/chevre-et-brebis&quot;},{&quot;name&quot;:&quot;Roqueforts et Bleus&quot;,&quot;code&quot;:&quot;R06F02SF01SS05&quot;,&quot;id&quot;:&quot;28293&quot;,&quot;type&quot;:&quot;RAYON&quot;,&quot;picto&quot;:null,&quot;level&quot;:4,&quot;sellerId&quot;:null,&quot;slug&quot;:&quot;roqueforts-bleus&quot;,&quot;selected&quot;:false,&quot;children&quot;:null,&quot;layers&quot;:&quot;\/navigation\/28293\/layers&quot;,&quot;link&quot;:&quot;\/r\/frais\/fromages-a-deguster\/fromages-coupe\/roqueforts-bleus&quot;},{&quot;name&quot;:&quot;Fromages de caract\u00e8re&quot;,&quot;code&quot;:&quot;R06F02SF01SS06&quot;,&quot;id&quot;:&quot;28294&quot;,&quot;type&quot;:&quot;RAYON&quot;,&quot;picto&quot;:null,&quot;level&quot;:4,&quot;sellerId&quot;:null,&quot;slug&quot;:&quot;fromages-caractere&quot;,&quot;selected&quot;:false,&quot;children&quot;:null,&quot;layers&quot;:&quot;\/navigation\/28294\/layers&quot;,&quot;link&quot;:&quot;\/r\/frais\/fromages-a-deguster\/fromages-coupe\/fromages-caractere&quot;},{&quot;name&quot;:&quot;Morbiers et Tommes&quot;,&quot;code&quot;:&quot;R06F02SF01SS07&quot;,&quot;id&quot;:&quot;28296&quot;,&quot;type&quot;:&quot;RAYON&quot;,&quot;picto&quot;:null,&quot;level&quot;:4,&quot;sellerId&quot;:null,&quot;slug&quot;:&quot;morbiers-tommes&quot;,&quot;selected&quot;:false,&quot;children&quot;:null,&quot;layers&quot;:&quot;\/navigation\/28296\/layers&quot;,&quot;link&quot;:&quot;\/r\/frais\/fromages-a-deguster\/fromages-coupe\/morbiers-tommes&quot;},{&quot;name&quot;:&quot;Autres fromages \u00e0 la coupe&quot;,&quot;code&quot;:&quot;R06F02SF01SS08&quot;,&quot;id&quot;:&quot;28297&quot;,&quot;type&quot;:&quot;RAYON&quot;,&quot;picto&quot;:null,&quot;level&quot;:4,&quot;sellerId&quot;:null,&quot;slug&quot;:&quot;autres-fromages-coupe&quot;,&quot;selected&quot;:false,&quot;children&quot;:null,&quot;layers&quot;:&quot;\/navigation\/28297\/layers&quot;,&quot;link&quot;:&quot;\/r\/frais\/fromages-a-deguster\/fromages-coupe\/autres-fromages-coupe&quot;}],&quot;layers&quot;:&quot;\/navigation\/28276\/layers&quot;,&quot;link&quot;:&quot;\/r\/frais\/fromages-a-deguster\/fromages-coupe&quot;},{&quot;name&quot;:&quot;Emmental, Comt\u00e9 et Gouda&quot;,&quot;code&quot;:&quot;R06F02SF02&quot;,&quot;id&quot;:&quot;28277&quot;,&quot;type&quot;:&quot;RAYON&quot;,&quot;picto&quot;:null,&quot;level&quot;:3,&quot;sellerId&quot;:null,&quot;slug&quot;:&quot;emmental-comte-gouda&quot;,&quot;selected&quot;:false,&quot;children&quot;:[{&quot;name&quot;:&quot;Emmental&quot;,&quot;code&quot;:&quot;R06F02SF02SS01&quot;,&quot;id&quot;:&quot;28298&quot;,&quot;type&quot;:&quot;RAYON&quot;,&quot;picto&quot;:null,&quot;level&quot;:4,&quot;sellerId&quot;:null,&quot;slug&quot;:&quot;emmental&quot;,&quot;selected&quot;:false,&quot;children&quot;:null,&quot;layers&quot;:&quot;\/navigation\/28298\/layers&quot;,&quot;link&quot;:&quot;\/r\/frais\/fromages-a-deguster\/emmental-comte-gouda\/emmental&quot;},{&quot;name&quot;:&quot;Comt\u00e9&quot;,&quot;code&quot;:&quot;R06F02SF02SS02&quot;,&quot;id&quot;:&quot;28299&quot;,&quot;type&quot;:&quot;RAYON&quot;,&quot;picto&quot;:null,&quot;level&quot;:4,&quot;sellerId&quot;:null,&quot;slug&quot;:&quot;comte&quot;,&quot;selected&quot;:false,&quot;children&quot;:null,&quot;layers&quot;:&quot;\/navigation\/28299\/layers&quot;,&quot;link&quot;:&quot;\/r\/frais\/fromages-a-deguster\/emmental-comte-gouda\/comte&quot;},{&quot;name&quot;:&quot;Gouda&quot;,&quot;code&quot;:&quot;R06F02SF02SS03&quot;,&quot;id&quot;:&quot;28300&quot;,&quot;type&quot;:&quot;RAYON&quot;,&quot;picto&quot;:null,&quot;level&quot;:4,&quot;sellerId&quot;:null,&quot;slug&quot;:&quot;gouda&quot;,&quot;selected&quot;:false,&quot;children&quot;:null,&quot;layers&quot;:&quot;\/navigation\/28300\/layers&quot;,&quot;link&quot;:&quot;\/r\/frais\/fromages-a-deguster\/emmental-comte-gouda\/gouda&quot;},{&quot;name&quot;:&quot;Cantal&quot;,&quot;code&quot;:&quot;R06F02SF02SS04&quot;,&quot;id&quot;:&quot;28301&quot;,&quot;type&quot;:&quot;RAYON&quot;,&quot;picto&quot;:null,&quot;level&quot;:4,&quot;sellerId&quot;:null,&quot;slug&quot;:&quot;cantal&quot;,&quot;selected&quot;:false,&quot;children&quot;:null,&quot;layers&quot;:&quot;\/navigation\/28301\/layers&quot;,&quot;link&quot;:&quot;\/r\/frais\/fromages-a-deguster\/emmental-comte-gouda\/cantal&quot;},{&quot;name&quot;:&quot;Mimolette&quot;,&quot;code&quot;:&quot;R06F02SF02SS05&quot;,&quot;id&quot;:&quot;28302&quot;,&quot;type&quot;:&quot;RAYON&quot;,&quot;picto&quot;:null,&quot;level&quot;:4,&quot;sellerId&quot;:null,&quot;slug&quot;:&quot;mimolette&quot;,&quot;selected&quot;:false,&quot;children&quot;:null,&quot;layers&quot;:&quot;\/navigation\/28302\/layers&quot;,&quot;link&quot;:&quot;\/r\/frais\/fromages-a-deguster\/emmental-comte-gouda\/mimolette&quot;},{&quot;name&quot;:&quot;Cheddar&quot;,&quot;code&quot;:&quot;R06F02SF02SS06&quot;,&quot;id&quot;:&quot;28303&quot;,&quot;type&quot;:&quot;RAYON&quot;,&quot;picto&quot;:null,&quot;level&quot;:4,&quot;sellerId&quot;:null,&quot;slug&quot;:&quot;cheddar&quot;,&quot;selected&quot;:false,&quot;children&quot;:null,&quot;layers&quot;:&quot;\/navigation\/28303\/layers&quot;,&quot;link&quot;:&quot;\/r\/frais\/fromages-a-deguster\/emmental-comte-gouda\/cheddar&quot;}],&quot;layers&quot;:&quot;\/navigation\/28277\/layers&quot;,&quot;link&quot;:&quot;\/r\/frais\/fromages-a-deguster\/emmental-comte-gouda&quot;},{&quot;name&quot;:&quot;Camemberts, Coulommiers et Bries&quot;,&quot;code&quot;:&quot;R06F02SF03&quot;,&quot;id&quot;:&quot;28278&quot;,&quot;type&quot;:&quot;RAYON&quot;,&quot;picto&quot;:null,&quot;level&quot;:3,&quot;sellerId&quot;:null,&quot;slug&quot;:&quot;camemberts-coulommiers-bries&quot;,&quot;selected&quot;:false,&quot;children&quot;:[{&quot;name&quot;:&quot;Camemberts&quot;,&quot;code&quot;:&quot;R06F02SF03SS01&quot;,&quot;id&quot;:&quot;28304&quot;,&quot;type&quot;:&quot;RAYON&quot;,&quot;picto&quot;:null,&quot;level&quot;:4,&quot;sellerId&quot;:null,&quot;slug&quot;:&quot;camemberts&quot;,&quot;selected&quot;:false,&quot;children&quot;:null,&quot;layers&quot;:&quot;\/navigation\/28304\/layers&quot;,&quot;link&quot;:&quot;\/r\/frais\/fromages-a-deguster\/camemberts-coulommiers-bries\/camemberts&quot;},{&quot;name&quot;:&quot;Couloummiers&quot;,&quot;code&quot;:&quot;R06F02SF03SS02&quot;,&quot;id&quot;:&quot;28305&quot;,&quot;type&quot;:&quot;RAYON&quot;,&quot;picto&quot;:null,&quot;level&quot;:4,&quot;sellerId&quot;:null,&quot;slug&quot;:&quot;couloummiers&quot;,&quot;selected&quot;:false,&quot;children&quot;:null,&quot;layers&quot;:&quot;\/navigation\/28305\/layers&quot;,&quot;link&quot;:&quot;\/r\/frais\/fromages-a-deguster\/camemberts-coulommiers-bries\/couloummiers&quot;},{&quot;name&quot;:&quot;Bries&quot;,&quot;code&quot;:&quot;R06F02SF03SS03&quot;,&quot;id&quot;:&quot;28306&quot;,&quot;type&quot;:&quot;RAYON&quot;,&quot;picto&quot;:null,&quot;level&quot;:4,&quot;sellerId&quot;:null,&quot;slug&quot;:&quot;bries&quot;,&quot;selected&quot;:false,&quot;children&quot;:null,&quot;layers&quot;:&quot;\/navigation\/28306\/layers&quot;,&quot;link&quot;:&quot;\/r\/frais\/fromages-a-deguster\/camemberts-coulommiers-bries\/bries&quot;},{&quot;name&quot;:&quot;Sp\u00e9cialit\u00e9s cr\u00e9meuses&quot;,&quot;code&quot;:&quot;R06F02SF03SS04&quot;,&quot;id&quot;:&quot;28557&quot;,&quot;type&quot;:&quot;RAYON&quot;,&quot;picto&quot;:null,&quot;level&quot;:4,&quot;sellerId&quot;:null,&quot;slug&quot;:&quot;specialites-cremeuses&quot;,&quot;selected&quot;:false,&quot;children&quot;:null,&quot;layers&quot;:&quot;\/navigation\/28557\/layers&quot;,&quot;link&quot;:&quot;\/r\/frais\/fromages-a-deguster\/camemberts-coulommiers-bries\/specialites-cremeuses&quot;}],&quot;layers&quot;:&quot;\/navigation\/28278\/layers&quot;,&quot;link&quot;:&quot;\/r\/frais\/fromages-a-deguster\/camemberts-coulommiers-bries&quot;},{&quot;name&quot;:&quot;Ch\u00e8vre et Brebis&quot;,&quot;code&quot;:&quot;R06F02SF04&quot;,&quot;id&quot;:&quot;28279&quot;,&quot;type&quot;:&quot;RAYON&quot;,&quot;picto&quot;:null,&quot;level&quot;:3,&quot;sellerId&quot;:null,&quot;slug&quot;:&quot;chevre-et-brebis&quot;,&quot;selected&quot;:false,&quot;children&quot;:[{&quot;name&quot;:&quot;Ch\u00e8vre&quot;,&quot;code&quot;:&quot;R06F02SF04SS01&quot;,&quot;id&quot;:&quot;28307&quot;,&quot;type&quot;:&quot;RAYON&quot;,&quot;picto&quot;:null,&quot;level&quot;:4,&quot;sellerId&quot;:null,&quot;slug&quot;:&quot;chevre&quot;,&quot;selected&quot;:false,&quot;children&quot;:null,&quot;layers&quot;:&quot;\/navigation\/28307\/layers&quot;,&quot;link&quot;:&quot;\/r\/frais\/fromages-a-deguster\/chevre-et-brebis\/chevre&quot;},{&quot;name&quot;:&quot;Brebis&quot;,&quot;code&quot;:&quot;R06F02SF04SS02&quot;,&quot;id&quot;:&quot;28308&quot;,&quot;type&quot;:&quot;RAYON&quot;,&quot;picto&quot;:null,&quot;level&quot;:4,&quot;sellerId&quot;:null,&quot;slug&quot;:&quot;brebis&quot;,&quot;selected&quot;:false,&quot;children&quot;:null,&quot;layers&quot;:&quot;\/navigation\/28308\/layers&quot;,&quot;link&quot;:&quot;\/r\/frais\/fromages-a-deguster\/chevre-et-brebis\/brebis&quot;}],&quot;layers&quot;:&quot;\/navigation\/28279\/layers&quot;,&quot;link&quot;:&quot;\/r\/frais\/fromages-a-deguster\/chevre-et-brebis&quot;},{&quot;name&quot;:&quot;Roqueforts et Bleus&quot;,&quot;code&quot;:&quot;R06F02SF05&quot;,&quot;id&quot;:&quot;28280&quot;,&quot;type&quot;:&quot;RAYON&quot;,&quot;picto&quot;:null,&quot;level&quot;:3,&quot;sellerId&quot;:null,&quot;slug&quot;:&quot;roqueforts-bleus&quot;,&quot;selected&quot;:false,&quot;children&quot;:[{&quot;name&quot;:&quot;Roqueforts&quot;,&quot;code&quot;:&quot;R06F02SF05SS01&quot;,&quot;id&quot;:&quot;28309&quot;,&quot;type&quot;:&quot;RAYON&quot;,&quot;picto&quot;:null,&quot;level&quot;:4,&quot;sellerId&quot;:null,&quot;slug&quot;:&quot;roqueforts&quot;,&quot;selected&quot;:false,&quot;children&quot;:null,&quot;layers&quot;:&quot;\/navigation\/28309\/layers&quot;,&quot;link&quot;:&quot;\/r\/frais\/fromages-a-deguster\/roqueforts-bleus\/roqueforts&quot;},{&quot;name&quot;:&quot;Bleus&quot;,&quot;code&quot;:&quot;R06F02SF05SS02&quot;,&quot;id&quot;:&quot;28310&quot;,&quot;type&quot;:&quot;RAYON&quot;,&quot;picto&quot;:null,&quot;level&quot;:4,&quot;sellerId&quot;:null,&quot;slug&quot;:&quot;bleus&quot;,&quot;selected&quot;:false,&quot;children&quot;:null,&quot;layers&quot;:&quot;\/navigation\/28310\/layers&quot;,&quot;link&quot;:&quot;\/r\/frais\/fromages-a-deguster\/roqueforts-bleus\/bleus&quot;}],&quot;layers&quot;:&quot;\/navigation\/28280\/layers&quot;,&quot;link&quot;:&quot;\/r\/frais\/fromages-a-deguster\/roqueforts-bleus&quot;},{&quot;name&quot;:&quot;Fromages de caract\u00e8re&quot;,&quot;code&quot;:&quot;R06F02SF06&quot;,&quot;id&quot;:&quot;28281&quot;,&quot;type&quot;:&quot;RAYON&quot;,&quot;picto&quot;:null,&quot;level&quot;:3,&quot;sellerId&quot;:null,&quot;slug&quot;:&quot;fromages-caractere&quot;,&quot;selected&quot;:false,&quot;children&quot;:null,&quot;layers&quot;:&quot;\/navigation\/28281\/layers&quot;,&quot;link&quot;:&quot;\/r\/frais\/fromages-a-deguster\/fromages-caractere&quot;},{&quot;name&quot;:&quot;Fromages enfants&quot;,&quot;code&quot;:&quot;R06F02SF07&quot;,&quot;id&quot;:&quot;28282&quot;,&quot;type&quot;:&quot;RAYON&quot;,&quot;picto&quot;:null,&quot;level&quot;:3,&quot;sellerId&quot;:null,&quot;slug&quot;:&quot;fromages-enfants&quot;,&quot;selected&quot;:false,&quot;children&quot;:null,&quot;layers&quot;:&quot;\/navigation\/28282\/layers&quot;,&quot;link&quot;:&quot;\/r\/frais\/fromages-a-deguster\/fromages-enfants&quot;},{&quot;name&quot;:&quot;Fromages all\u00e9g\u00e9s&quot;,&quot;code&quot;:&quot;R06F02SF08&quot;,&quot;id&quot;:&quot;28283&quot;,&quot;type&quot;:&quot;RAYON&quot;,&quot;picto&quot;:null,&quot;level&quot;:3,&quot;sellerId&quot;:null,&quot;slug&quot;:&quot;fromages-alleges&quot;,&quot;selected&quot;:false,&quot;children&quot;:null,&quot;layers&quot;:&quot;\/navigation\/28283\/layers&quot;,&quot;link&quot;:&quot;\/r\/frais\/fromages-a-deguster\/fromages-alleges&quot;}],&quot;layers&quot;:&quot;\/navigation\/28129\/layers&quot;,&quot;link&quot;:&quot;\/r\/frais\/fromages-a-deguster&quot;},{&quot;name&quot;:&quot;Fromages \u00e0 cuisiner et Raclette&quot;,&quot;code&quot;:&quot;R06F03&quot;,&quot;id&quot;:&quot;28130&quot;,&quot;type&quot;:&quot;RAYON&quot;,&quot;picto&quot;:&quot;https:\/\/media.carrefour.fr\/medias\/364fdfe83113323e9f09bc9c06c288fe\/p_96x96\/28130.jpg&quot;,&quot;level&quot;:2,&quot;sellerId&quot;:null,&quot;slug&quot;:&quot;fromages-a-cuisiner-aperitifs&quot;,&quot;selected&quot;:false,&quot;children&quot;:[{&quot;name&quot;:&quot;Raclette, Tartiflette et Fondue&quot;,&quot;code&quot;:&quot;R06F03SF01&quot;,&quot;id&quot;:&quot;28289&quot;,&quot;type&quot;:&quot;RAYON&quot;,&quot;picto&quot;:null,&quot;level&quot;:3,&quot;sellerId&quot;:null,&quot;slug&quot;:&quot;raclette-tartiflette-fondue&quot;,&quot;selected&quot;:false,&quot;children&quot;:[{&quot;name&quot;:&quot;Raclette&quot;,&quot;code&quot;:&quot;R06F03SF01SS01&quot;,&quot;id&quot;:&quot;28315&quot;,&quot;type&quot;:&quot;RAYON&quot;,&quot;picto&quot;:null,&quot;level&quot;:4,&quot;sellerId&quot;:null,&quot;slug&quot;:&quot;raclette&quot;,&quot;selected&quot;:false,&quot;children&quot;:null,&quot;layers&quot;:&quot;\/navigation\/28315\/layers&quot;,&quot;link&quot;:&quot;\/r\/frais\/fromages-a-cuisiner-aperitifs\/raclette-tartiflette-fondue\/raclette&quot;},{&quot;name&quot;:&quot;Tartiflette&quot;,&quot;code&quot;:&quot;R06F03SF01SS02&quot;,&quot;id&quot;:&quot;28316&quot;,&quot;type&quot;:&quot;RAYON&quot;,&quot;picto&quot;:null,&quot;level&quot;:4,&quot;sellerId&quot;:null,&quot;slug&quot;:&quot;tartiflette&quot;,&quot;selected&quot;:false,&quot;children&quot;:null,&quot;layers&quot;:&quot;\/navigation\/28316\/layers&quot;,&quot;link&quot;:&quot;\/r\/frais\/fromages-a-cuisiner-aperitifs\/raclette-tartiflette-fondue\/tartiflette&quot;},{&quot;name&quot;:&quot;Fondue&quot;,&quot;code&quot;:&quot;R06F03SF01SS03&quot;,&quot;id&quot;:&quot;28317&quot;,&quot;type&quot;:&quot;RAYON&quot;,&quot;picto&quot;:null,&quot;level&quot;:4,&quot;sellerId&quot;:null,&quot;slug&quot;:&quot;fondue&quot;,&quot;selected&quot;:false,&quot;children&quot;:null,&quot;layers&quot;:&quot;\/navigation\/28317\/layers&quot;,&quot;link&quot;:&quot;\/r\/frais\/fromages-a-cuisiner-aperitifs\/raclette-tartiflette-fondue\/fondue&quot;}],&quot;layers&quot;:&quot;\/navigation\/28289\/layers&quot;,&quot;link&quot;:&quot;\/r\/frais\/fromages-a-cuisiner-aperitifs\/raclette-tartiflette-fondue&quot;},{&quot;name&quot;:&quot;Fromages ap\u00e9ritifs et Salades&quot;,&quot;code&quot;:&quot;R06F03SF02&quot;,&quot;id&quot;:&quot;28285&quot;,&quot;type&quot;:&quot;RAYON&quot;,&quot;picto&quot;:null,&quot;level&quot;:3,&quot;sellerId&quot;:null,&quot;slug&quot;:&quot;fromages-aperitifs-salades&quot;,&quot;selected&quot;:false,&quot;children&quot;:null,&quot;layers&quot;:&quot;\/navigation\/28285\/layers&quot;,&quot;link&quot;:&quot;\/r\/frais\/fromages-a-cuisiner-aperitifs\/fromages-aperitifs-salades&quot;},{&quot;name&quot;:&quot;Fromages r\u00e2p\u00e9s&quot;,&quot;code&quot;:&quot;R06F03SF03&quot;,&quot;id&quot;:&quot;28286&quot;,&quot;type&quot;:&quot;RAYON&quot;,&quot;picto&quot;:null,&quot;level&quot;:3,&quot;sellerId&quot;:null,&quot;slug&quot;:&quot;fromages-rapes&quot;,&quot;selected&quot;:false,&quot;children&quot;:null,&quot;layers&quot;:&quot;\/navigation\/28286\/layers&quot;,&quot;link&quot;:&quot;\/r\/frais\/fromages-a-cuisiner-aperitifs\/fromages-rapes&quot;},{&quot;name&quot;:&quot;Fromages sandwich et burger&quot;,&quot;code&quot;:&quot;R06F03SF04&quot;,&quot;id&quot;:&quot;28287&quot;,&quot;type&quot;:&quot;RAYON&quot;,&quot;picto&quot;:null,&quot;level&quot;:3,&quot;sellerId&quot;:null,&quot;slug&quot;:&quot;fromages-sandwich-burger&quot;,&quot;selected&quot;:false,&quot;children&quot;:null,&quot;layers&quot;:&quot;\/navigation\/28287\/layers&quot;,&quot;link&quot;:&quot;\/r\/frais\/fromages-a-cuisiner-aperitifs\/fromages-sandwich-burger&quot;},{&quot;name&quot;:&quot;Fromages \u00e0 tartiner&quot;,&quot;code&quot;:&quot;R06F03SF05&quot;,&quot;id&quot;:&quot;28288&quot;,&quot;type&quot;:&quot;RAYON&quot;,&quot;picto&quot;:null,&quot;level&quot;:3,&quot;sellerId&quot;:null,&quot;slug&quot;:&quot;fromages-tartiner&quot;,&quot;selected&quot;:false,&quot;children&quot;:null,&quot;layers&quot;:&quot;\/navigation\/28288\/layers&quot;,&quot;link&quot;:&quot;\/r\/frais\/fromages-a-cuisiner-aperitifs\/fromages-tartiner&quot;},{&quot;name&quot;:&quot;Mozza, Feta et Mascarpone&quot;,&quot;code&quot;:&quot;R06F03SF06&quot;,&quot;id&quot;:&quot;28284&quot;,&quot;type&quot;:&quot;RAYON&quot;,&quot;picto&quot;:null,&quot;level&quot;:3,&quot;sellerId&quot;:null,&quot;slug&quot;:&quot;mozza-feta-mascarpone&quot;,&quot;selected&quot;:false,&quot;children&quot;:[{&quot;name&quot;:&quot;Mozzarella&quot;,&quot;code&quot;:&quot;R06F03SF06SS01&quot;,&quot;id&quot;:&quot;28311&quot;,&quot;type&quot;:&quot;RAYON&quot;,&quot;picto&quot;:null,&quot;level&quot;:4,&quot;sellerId&quot;:null,&quot;slug&quot;:&quot;mozzarella&quot;,&quot;selected&quot;:false,&quot;children&quot;:null,&quot;layers&quot;:&quot;\/navigation\/28311\/layers&quot;,&quot;link&quot;:&quot;\/r\/frais\/fromages-a-cuisiner-aperitifs\/mozza-feta-mascarpone\/mozzarella&quot;},{&quot;name&quot;:&quot;Feta&quot;,&quot;code&quot;:&quot;R06F03SF06SS02&quot;,&quot;id&quot;:&quot;28312&quot;,&quot;type&quot;:&quot;RAYON&quot;,&quot;picto&quot;:null,&quot;level&quot;:4,&quot;sellerId&quot;:null,&quot;slug&quot;:&quot;feta&quot;,&quot;selected&quot;:false,&quot;children&quot;:null,&quot;layers&quot;:&quot;\/navigation\/28312\/layers&quot;,&quot;link&quot;:&quot;\/r\/frais\/fromages-a-cuisiner-aperitifs\/mozza-feta-mascarpone\/feta&quot;},{&quot;name&quot;:&quot;Mascarpone&quot;,&quot;code&quot;:&quot;R06F03SF06SS03&quot;,&quot;id&quot;:&quot;28313&quot;,&quot;type&quot;:&quot;RAYON&quot;,&quot;picto&quot;:null,&quot;level&quot;:4,&quot;sellerId&quot;:null,&quot;slug&quot;:&quot;mascarpone&quot;,&quot;selected&quot;:false,&quot;children&quot;:null,&quot;layers&quot;:&quot;\/navigation\/28313\/layers&quot;,&quot;link&quot;:&quot;\/r\/frais\/fromages-a-cuisiner-aperitifs\/mozza-feta-mascarpone\/mascarpone&quot;},{&quot;name&quot;:&quot;Ricotta&quot;,&quot;code&quot;:&quot;R06F03SF06SS04&quot;,&quot;id&quot;:&quot;28314&quot;,&quot;type&quot;:&quot;RAYON&quot;,&quot;picto&quot;:null,&quot;level&quot;:4,&quot;sellerId&quot;:null,&quot;slug&quot;:&quot;ricotta&quot;,&quot;selected&quot;:false,&quot;children&quot;:null,&quot;layers&quot;:&quot;\/navigation\/28314\/layers&quot;,&quot;link&quot;:&quot;\/r\/frais\/fromages-a-cuisiner-aperitifs\/mozza-feta-mascarpone\/ricotta&quot;}],&quot;layers&quot;:&quot;\/navigation\/28284\/layers&quot;,&quot;link&quot;:&quot;\/r\/frais\/fromages-a-cuisiner-aperitifs\/mozza-feta-mascarpone&quot;}],&quot;layers&quot;:&quot;\/navigation\/28130\/layers&quot;,&quot;link&quot;:&quot;\/r\/frais\/fromages-a-cuisiner-aperitifs&quot;},{&quot;name&quot;:&quot;Charcuterie et Foies gras&quot;,&quot;code&quot;:&quot;R06F04&quot;,&quot;id&quot;:&quot;28132&quot;,&quot;type&quot;:&quot;RAYON&quot;,&quot;picto&quot;:&quot;https:\/\/media.carrefour.fr\/medias\/ef25456d8f3e3d0eb2837b26739365b2\/p_96x96\/28132.jpg&quot;,&quot;level&quot;:2,&quot;sellerId&quot;:null,&quot;slug&quot;:&quot;charcuterie&quot;,&quot;selected&quot;:false,&quot;children&quot;:[{&quot;name&quot;:&quot;P\u00e2t\u00e9s, Rillettes et Foies gras&quot;,&quot;code&quot;:&quot;R06F04SF01&quot;,&quot;id&quot;:&quot;28185&quot;,&quot;type&quot;:&quot;RAYON&quot;,&quot;picto&quot;:null,&quot;level&quot;:3,&quot;sellerId&quot;:null,&quot;slug&quot;:&quot;pates-rillettes-foies-gras&quot;,&quot;selected&quot;:false,&quot;children&quot;:[{&quot;name&quot;:&quot;Foies gras&quot;,&quot;code&quot;:&quot;R06F04SF01SS01&quot;,&quot;id&quot;:&quot;28202&quot;,&quot;type&quot;:&quot;RAYON&quot;,&quot;picto&quot;:null,&quot;level&quot;:4,&quot;sellerId&quot;:null,&quot;slug&quot;:&quot;foies-gras&quot;,&quot;selected&quot;:false,&quot;children&quot;:null,&quot;layers&quot;:&quot;\/navigation\/28202\/layers&quot;,&quot;link&quot;:&quot;\/r\/frais\/charcuterie\/pates-rillettes-foies-gras\/foies-gras&quot;},{&quot;name&quot;:&quot;P\u00e2t\u00e9s&quot;,&quot;code&quot;:&quot;R06F04SF01SS02&quot;,&quot;id&quot;:&quot;28200&quot;,&quot;type&quot;:&quot;RAYON&quot;,&quot;picto&quot;:null,&quot;level&quot;:4,&quot;sellerId&quot;:null,&quot;slug&quot;:&quot;pates&quot;,&quot;selected&quot;:false,&quot;children&quot;:null,&quot;layers&quot;:&quot;\/navigation\/28200\/layers&quot;,&quot;link&quot;:&quot;\/r\/frais\/charcuterie\/pates-rillettes-foies-gras\/pates&quot;},{&quot;name&quot;:&quot;Rillettes&quot;,&quot;code&quot;:&quot;R06F04SF01SS03&quot;,&quot;id&quot;:&quot;28201&quot;,&quot;type&quot;:&quot;RAYON&quot;,&quot;picto&quot;:null,&quot;level&quot;:4,&quot;sellerId&quot;:null,&quot;slug&quot;:&quot;rillettes&quot;,&quot;selected&quot;:false,&quot;children&quot;:null,&quot;layers&quot;:&quot;\/navigation\/28201\/layers&quot;,&quot;link&quot;:&quot;\/r\/frais\/charcuterie\/pates-rillettes-foies-gras\/rillettes&quot;}],&quot;layers&quot;:&quot;\/navigation\/28185\/layers&quot;,&quot;link&quot;:&quot;\/r\/frais\/charcuterie\/pates-rillettes-foies-gras&quot;},{&quot;name&quot;:&quot;Charcuterie \u00e0 la coupe&quot;,&quot;code&quot;:&quot;R06F04SF02&quot;,&quot;id&quot;:&quot;28180&quot;,&quot;type&quot;:&quot;RAYON&quot;,&quot;picto&quot;:null,&quot;level&quot;:3,&quot;sellerId&quot;:null,&quot;slug&quot;:&quot;charcuterie-coupe&quot;,&quot;selected&quot;:false,&quot;children&quot;:[{&quot;name&quot;:&quot;P\u00e2t\u00e9s, Rillettes et Foies gras&quot;,&quot;code&quot;:&quot;R06F04SF02SS01&quot;,&quot;id&quot;:&quot;28191&quot;,&quot;type&quot;:&quot;RAYON&quot;,&quot;picto&quot;:null,&quot;level&quot;:4,&quot;sellerId&quot;:null,&quot;slug&quot;:&quot;pates-rillettes-foies-gras&quot;,&quot;selected&quot;:false,&quot;children&quot;:null,&quot;layers&quot;:&quot;\/navigation\/28191\/layers&quot;,&quot;link&quot;:&quot;\/r\/frais\/charcuterie\/charcuterie-coupe\/pates-rillettes-foies-gras&quot;},{&quot;name&quot;:&quot;Jambons blancs et R\u00f4tis&quot;,&quot;code&quot;:&quot;R06F04SF02SS02&quot;,&quot;id&quot;:&quot;28188&quot;,&quot;type&quot;:&quot;RAYON&quot;,&quot;picto&quot;:null,&quot;level&quot;:4,&quot;sellerId&quot;:null,&quot;slug&quot;:&quot;jambons-blancs-rotis&quot;,&quot;selected&quot;:false,&quot;children&quot;:null,&quot;layers&quot;:&quot;\/navigation\/28188\/layers&quot;,&quot;link&quot;:&quot;\/r\/frais\/charcuterie\/charcuterie-coupe\/jambons-blancs-rotis&quot;},{&quot;name&quot;:&quot;Jambons crus et Charcuteries tranch\u00e9es&quot;,&quot;code&quot;:&quot;R06F04SF02SS03&quot;,&quot;id&quot;:&quot;28189&quot;,&quot;type&quot;:&quot;RAYON&quot;,&quot;picto&quot;:null,&quot;level&quot;:4,&quot;sellerId&quot;:null,&quot;slug&quot;:&quot;jambons-crus-charcuteries-tranchees&quot;,&quot;selected&quot;:false,&quot;children&quot;:null,&quot;layers&quot;:&quot;\/navigation\/28189\/layers&quot;,&quot;link&quot;:&quot;\/r\/frais\/charcuterie\/charcuterie-coupe\/jambons-crus-charcuteries-tranchees&quot;},{&quot;name&quot;:&quot;Saucissons et Chorizos&quot;,&quot;code&quot;:&quot;R06F04SF02SS04&quot;,&quot;id&quot;:&quot;28190&quot;,&quot;type&quot;:&quot;RAYON&quot;,&quot;picto&quot;:null,&quot;level&quot;:4,&quot;sellerId&quot;:null,&quot;slug&quot;:&quot;saucissons-chorizos&quot;,&quot;selected&quot;:false,&quot;children&quot;:null,&quot;layers&quot;:&quot;\/navigation\/28190\/layers&quot;,&quot;link&quot;:&quot;\/r\/frais\/charcuterie\/charcuterie-coupe\/saucissons-chorizos&quot;},{&quot;name&quot;:&quot;Saucisses, Boudins et Andouilles&quot;,&quot;code&quot;:&quot;R06F04SF02SS05&quot;,&quot;id&quot;:&quot;28192&quot;,&quot;type&quot;:&quot;RAYON&quot;,&quot;picto&quot;:null,&quot;level&quot;:4,&quot;sellerId&quot;:null,&quot;slug&quot;:&quot;saucisses-boudins-andouilles&quot;,&quot;selected&quot;:false,&quot;children&quot;:null,&quot;layers&quot;:&quot;\/navigation\/28192\/layers&quot;,&quot;link&quot;:&quot;\/r\/frais\/charcuterie\/charcuterie-coupe\/saucisses-boudins-andouilles&quot;}],&quot;layers&quot;:&quot;\/navigation\/28180\/layers&quot;,&quot;link&quot;:&quot;\/r\/frais\/charcuterie\/charcuterie-coupe&quot;},{&quot;name&quot;:&quot;Jambons crus et Charcuteries tranch\u00e9es&quot;,&quot;code&quot;:&quot;R06F04SF03&quot;,&quot;id&quot;:&quot;28182&quot;,&quot;type&quot;:&quot;RAYON&quot;,&quot;picto&quot;:null,&quot;level&quot;:3,&quot;sellerId&quot;:null,&quot;slug&quot;:&quot;jambons-crus-charcuteries-tranchees&quot;,&quot;selected&quot;:false,&quot;children&quot;:[{&quot;name&quot;:&quot;Jambons crus et secs&quot;,&quot;code&quot;:&quot;R06F04SF03SS01&quot;,&quot;id&quot;:&quot;28196&quot;,&quot;type&quot;:&quot;RAYON&quot;,&quot;picto&quot;:null,&quot;level&quot;:4,&quot;sellerId&quot;:null,&quot;slug&quot;:&quot;jambons-crus-secs&quot;,&quot;selected&quot;:false,&quot;children&quot;:null,&quot;layers&quot;:&quot;\/navigation\/28196\/layers&quot;,&quot;link&quot;:&quot;\/r\/frais\/charcuterie\/jambons-crus-charcuteries-tranchees\/jambons-crus-secs&quot;},{&quot;name&quot;:&quot;Bacon, Rosette et Salami&quot;,&quot;code&quot;:&quot;R06F04SF03SS02&quot;,&quot;id&quot;:&quot;28257&quot;,&quot;type&quot;:&quot;RAYON&quot;,&quot;picto&quot;:null,&quot;level&quot;:4,&quot;sellerId&quot;:null,&quot;slug&quot;:&quot;bacon-rosette-salami&quot;,&quot;selected&quot;:false,&quot;children&quot;:null,&quot;layers&quot;:&quot;\/navigation\/28257\/layers&quot;,&quot;link&quot;:&quot;\/r\/frais\/charcuterie\/jambons-crus-charcuteries-tranchees\/bacon-rosette-salami&quot;},{&quot;name&quot;:&quot;Grison, Pancetta et Coppa&quot;,&quot;code&quot;:&quot;R06F04SF03SS03&quot;,&quot;id&quot;:&quot;28258&quot;,&quot;type&quot;:&quot;RAYON&quot;,&quot;picto&quot;:null,&quot;level&quot;:4,&quot;sellerId&quot;:null,&quot;slug&quot;:&quot;grison-pancetta-coppa&quot;,&quot;selected&quot;:false,&quot;children&quot;:null,&quot;layers&quot;:&quot;\/navigation\/28258\/layers&quot;,&quot;link&quot;:&quot;\/r\/frais\/charcuterie\/jambons-crus-charcuteries-tranchees\/grison-pancetta-coppa&quot;},{&quot;name&quot;:&quot;Plateaux de charcuterie&quot;,&quot;code&quot;:&quot;R06F04SF03SS04&quot;,&quot;id&quot;:&quot;28318&quot;,&quot;type&quot;:&quot;RAYON&quot;,&quot;picto&quot;:null,&quot;level&quot;:4,&quot;sellerId&quot;:null,&quot;slug&quot;:&quot;plateaux-charcuterie&quot;,&quot;selected&quot;:false,&quot;children&quot;:null,&quot;layers&quot;:&quot;\/navigation\/28318\/layers&quot;,&quot;link&quot;:&quot;\/r\/frais\/charcuterie\/jambons-crus-charcuteries-tranchees\/plateaux-charcuterie&quot;}],&quot;layers&quot;:&quot;\/navigation\/28182\/layers&quot;,&quot;link&quot;:&quot;\/r\/frais\/charcuterie\/jambons-crus-charcuteries-tranchees&quot;},{&quot;name&quot;:&quot;Jambons blancs et R\u00f4tis&quot;,&quot;code&quot;:&quot;R06F04SF04&quot;,&quot;id&quot;:&quot;28181&quot;,&quot;type&quot;:&quot;RAYON&quot;,&quot;picto&quot;:null,&quot;level&quot;:3,&quot;sellerId&quot;:null,&quot;slug&quot;:&quot;jambons-blancs-rotis&quot;,&quot;selected&quot;:false,&quot;children&quot;:[{&quot;name&quot;:&quot;Jambons blancs&quot;,&quot;code&quot;:&quot;R06F04SF04SS01&quot;,&quot;id&quot;:&quot;28193&quot;,&quot;type&quot;:&quot;RAYON&quot;,&quot;picto&quot;:null,&quot;level&quot;:4,&quot;sellerId&quot;:null,&quot;slug&quot;:&quot;jambons-blancs&quot;,&quot;selected&quot;:false,&quot;children&quot;:null,&quot;layers&quot;:&quot;\/navigation\/28193\/layers&quot;,&quot;link&quot;:&quot;\/r\/frais\/charcuterie\/jambons-blancs-rotis\/jambons-blancs&quot;},{&quot;name&quot;:&quot;R\u00f4tis&quot;,&quot;code&quot;:&quot;R06F04SF04SS02&quot;,&quot;id&quot;:&quot;28194&quot;,&quot;type&quot;:&quot;RAYON&quot;,&quot;picto&quot;:null,&quot;level&quot;:4,&quot;sellerId&quot;:null,&quot;slug&quot;:&quot;rotis&quot;,&quot;selected&quot;:false,&quot;children&quot;:null,&quot;layers&quot;:&quot;\/navigation\/28194\/layers&quot;,&quot;link&quot;:&quot;\/r\/frais\/charcuterie\/jambons-blancs-rotis\/rotis&quot;},{&quot;name&quot;:&quot;Volaille&quot;,&quot;code&quot;:&quot;R06F04SF04SS03&quot;,&quot;id&quot;:&quot;28195&quot;,&quot;type&quot;:&quot;RAYON&quot;,&quot;picto&quot;:null,&quot;level&quot;:4,&quot;sellerId&quot;:null,&quot;slug&quot;:&quot;volaille&quot;,&quot;selected&quot;:false,&quot;children&quot;:null,&quot;layers&quot;:&quot;\/navigation\/28195\/layers&quot;,&quot;link&quot;:&quot;\/r\/frais\/charcuterie\/jambons-blancs-rotis\/volaille&quot;}],&quot;layers&quot;:&quot;\/navigation\/28181\/layers&quot;,&quot;link&quot;:&quot;\/r\/frais\/charcuterie\/jambons-blancs-rotis&quot;},{&quot;name&quot;:&quot;Lardons et D\u00e9s&quot;,&quot;code&quot;:&quot;R06F04SF05&quot;,&quot;id&quot;:&quot;28183&quot;,&quot;type&quot;:&quot;RAYON&quot;,&quot;picto&quot;:null,&quot;level&quot;:3,&quot;sellerId&quot;:null,&quot;slug&quot;:&quot;lardons-des&quot;,&quot;selected&quot;:false,&quot;children&quot;:null,&quot;layers&quot;:&quot;\/navigation\/28183\/layers&quot;,&quot;link&quot;:&quot;\/r\/frais\/charcuterie\/lardons-des&quot;},{&quot;name&quot;:&quot;Saucissons et Chorizos&quot;,&quot;code&quot;:&quot;R06F04SF06&quot;,&quot;id&quot;:&quot;28184&quot;,&quot;type&quot;:&quot;RAYON&quot;,&quot;picto&quot;:null,&quot;level&quot;:3,&quot;sellerId&quot;:null,&quot;slug&quot;:&quot;saucissons-chorizos&quot;,&quot;selected&quot;:false,&quot;children&quot;:[{&quot;name&quot;:&quot;Saucissons&quot;,&quot;code&quot;:&quot;R06F04SF06SS01&quot;,&quot;id&quot;:&quot;28198&quot;,&quot;type&quot;:&quot;RAYON&quot;,&quot;picto&quot;:null,&quot;level&quot;:4,&quot;sellerId&quot;:null,&quot;slug&quot;:&quot;saucissons&quot;,&quot;selected&quot;:false,&quot;children&quot;:null,&quot;layers&quot;:&quot;\/navigation\/28198\/layers&quot;,&quot;link&quot;:&quot;\/r\/frais\/charcuterie\/saucissons-chorizos\/saucissons&quot;},{&quot;name&quot;:&quot;Saucisses s\u00e8ches et Fuets&quot;,&quot;code&quot;:&quot;R06F04SF06SS02&quot;,&quot;id&quot;:&quot;28319&quot;,&quot;type&quot;:&quot;RAYON&quot;,&quot;picto&quot;:null,&quot;level&quot;:4,&quot;sellerId&quot;:null,&quot;slug&quot;:&quot;saucisses-seches-fuets&quot;,&quot;selected&quot;:false,&quot;children&quot;:null,&quot;layers&quot;:&quot;\/navigation\/28319\/layers&quot;,&quot;link&quot;:&quot;\/r\/frais\/charcuterie\/saucissons-chorizos\/saucisses-seches-fuets&quot;},{&quot;name&quot;:&quot;Chorizos&quot;,&quot;code&quot;:&quot;R06F04SF06SS03&quot;,&quot;id&quot;:&quot;28199&quot;,&quot;type&quot;:&quot;RAYON&quot;,&quot;picto&quot;:null,&quot;level&quot;:4,&quot;sellerId&quot;:null,&quot;slug&quot;:&quot;chorizos&quot;,&quot;selected&quot;:false,&quot;children&quot;:null,&quot;layers&quot;:&quot;\/navigation\/28199\/layers&quot;,&quot;link&quot;:&quot;\/r\/frais\/charcuterie\/saucissons-chorizos\/chorizos&quot;}],&quot;layers&quot;:&quot;\/navigation\/28184\/layers&quot;,&quot;link&quot;:&quot;\/r\/frais\/charcuterie\/saucissons-chorizos&quot;},{&quot;name&quot;:&quot;Knacks, Saucisses et Boudins&quot;,&quot;code&quot;:&quot;R06F04SF07&quot;,&quot;id&quot;:&quot;28186&quot;,&quot;type&quot;:&quot;RAYON&quot;,&quot;picto&quot;:null,&quot;level&quot;:3,&quot;sellerId&quot;:null,&quot;slug&quot;:&quot;knacks-saucisses-boudins&quot;,&quot;selected&quot;:false,&quot;children&quot;:[{&quot;name&quot;:&quot;Knacks&quot;,&quot;code&quot;:&quot;R06F04SF07SS01&quot;,&quot;id&quot;:&quot;28320&quot;,&quot;type&quot;:&quot;RAYON&quot;,&quot;picto&quot;:null,&quot;level&quot;:4,&quot;sellerId&quot;:null,&quot;slug&quot;:&quot;knacks&quot;,&quot;selected&quot;:false,&quot;children&quot;:null,&quot;layers&quot;:&quot;\/navigation\/28320\/layers&quot;,&quot;link&quot;:&quot;\/r\/frais\/charcuterie\/knacks-saucisses-boudins\/knacks&quot;},{&quot;name&quot;:&quot;Saucisses&quot;,&quot;code&quot;:&quot;R06F04SF07SS02&quot;,&quot;id&quot;:&quot;28321&quot;,&quot;type&quot;:&quot;RAYON&quot;,&quot;picto&quot;:null,&quot;level&quot;:4,&quot;sellerId&quot;:null,&quot;slug&quot;:&quot;saucisses&quot;,&quot;selected&quot;:false,&quot;children&quot;:null,&quot;layers&quot;:&quot;\/navigation\/28321\/layers&quot;,&quot;link&quot;:&quot;\/r\/frais\/charcuterie\/knacks-saucisses-boudins\/saucisses&quot;},{&quot;name&quot;:&quot;Boudins&quot;,&quot;code&quot;:&quot;R06F04SF07SS03&quot;,&quot;id&quot;:&quot;28322&quot;,&quot;type&quot;:&quot;RAYON&quot;,&quot;picto&quot;:null,&quot;level&quot;:4,&quot;sellerId&quot;:null,&quot;slug&quot;:&quot;boudins&quot;,&quot;selected&quot;:false,&quot;children&quot;:null,&quot;layers&quot;:&quot;\/navigation\/28322\/layers&quot;,&quot;link&quot;:&quot;\/r\/frais\/charcuterie\/knacks-saucisses-boudins\/boudins&quot;},{&quot;name&quot;:&quot;Andouillettes&quot;,&quot;code&quot;:&quot;R06F04SF07SS04&quot;,&quot;id&quot;:&quot;28323&quot;,&quot;type&quot;:&quot;RAYON&quot;,&quot;picto&quot;:null,&quot;level&quot;:4,&quot;sellerId&quot;:null,&quot;slug&quot;:&quot;andouillettes&quot;,&quot;selected&quot;:false,&quot;children&quot;:null,&quot;layers&quot;:&quot;\/navigation\/28323\/layers&quot;,&quot;link&quot;:&quot;\/r\/frais\/charcuterie\/knacks-saucisses-boudins\/andouillettes&quot;},{&quot;name&quot;:&quot;Tripes&quot;,&quot;code&quot;:&quot;R06F04SF07SS05&quot;,&quot;id&quot;:&quot;28324&quot;,&quot;type&quot;:&quot;RAYON&quot;,&quot;picto&quot;:null,&quot;level&quot;:4,&quot;sellerId&quot;:null,&quot;slug&quot;:&quot;tripes&quot;,&quot;selected&quot;:false,&quot;children&quot;:null,&quot;layers&quot;:&quot;\/navigation\/28324\/layers&quot;,&quot;link&quot;:&quot;\/r\/frais\/charcuterie\/knacks-saucisses-boudins\/tripes&quot;}],&quot;layers&quot;:&quot;\/navigation\/28186\/layers&quot;,&quot;link&quot;:&quot;\/r\/frais\/charcuterie\/knacks-saucisses-boudins&quot;},{&quot;name&quot;:&quot;Charcuterie halal&quot;,&quot;code&quot;:&quot;R06F04SF08&quot;,&quot;id&quot;:&quot;28325&quot;,&quot;type&quot;:&quot;RAYON&quot;,&quot;picto&quot;:null,&quot;level&quot;:3,&quot;sellerId&quot;:null,&quot;slug&quot;:&quot;charcuterie-halal&quot;,&quot;selected&quot;:false,&quot;children&quot;:null,&quot;layers&quot;:&quot;\/navigation\/28325\/layers&quot;,&quot;link&quot;:&quot;\/r\/frais\/charcuterie\/charcuterie-halal&quot;}],&quot;layers&quot;:&quot;\/navigation\/28132\/layers&quot;,&quot;link&quot;:&quot;\/r\/frais\/charcuterie&quot;},{&quot;name&quot;:&quot;Cr\u00e8merie&quot;,&quot;code&quot;:&quot;R06F05&quot;,&quot;id&quot;:&quot;28128&quot;,&quot;type&quot;:&quot;RAYON&quot;,&quot;picto&quot;:&quot;https:\/\/media.carrefour.fr\/medias\/a24593ad38c73a509960928681e82736\/p_96x96\/28128.jpg&quot;,&quot;level&quot;:2,&quot;sellerId&quot;:null,&quot;slug&quot;:&quot;cremerie&quot;,&quot;selected&quot;:false,&quot;children&quot;:[{&quot;name&quot;:&quot;\u0152ufs&quot;,&quot;code&quot;:&quot;R06F05SF01&quot;,&quot;id&quot;:&quot;28143&quot;,&quot;type&quot;:&quot;RAYON&quot;,&quot;picto&quot;:null,&quot;level&quot;:3,&quot;sellerId&quot;:null,&quot;slug&quot;:&quot;oeufs&quot;,&quot;selected&quot;:false,&quot;children&quot;:[{&quot;name&quot;:&quot;Oeufs de plein air&quot;,&quot;code&quot;:&quot;R06F05SF01SS01&quot;,&quot;id&quot;:&quot;28226&quot;,&quot;type&quot;:&quot;RAYON&quot;,&quot;picto&quot;:null,&quot;level&quot;:4,&quot;sellerId&quot;:null,&quot;slug&quot;:&quot;oeufs-plein-air&quot;,&quot;selected&quot;:false,&quot;children&quot;:null,&quot;layers&quot;:&quot;\/navigation\/28226\/layers&quot;,&quot;link&quot;:&quot;\/r\/frais\/cremerie\/oeufs\/oeufs-plein-air&quot;},{&quot;name&quot;:&quot;Oeufs bio&quot;,&quot;code&quot;:&quot;R06F05SF01SS02&quot;,&quot;id&quot;:&quot;28227&quot;,&quot;type&quot;:&quot;RAYON&quot;,&quot;picto&quot;:null,&quot;level&quot;:4,&quot;sellerId&quot;:null,&quot;slug&quot;:&quot;oeufs-bio&quot;,&quot;selected&quot;:false,&quot;children&quot;:null,&quot;layers&quot;:&quot;\/navigation\/28227\/layers&quot;,&quot;link&quot;:&quot;\/r\/frais\/cremerie\/oeufs\/oeufs-bio&quot;},{&quot;name&quot;:&quot;Oeufs standards&quot;,&quot;code&quot;:&quot;R06F05SF01SS03&quot;,&quot;id&quot;:&quot;28228&quot;,&quot;type&quot;:&quot;RAYON&quot;,&quot;picto&quot;:null,&quot;level&quot;:4,&quot;sellerId&quot;:null,&quot;slug&quot;:&quot;oeufs-standards&quot;,&quot;selected&quot;:false,&quot;children&quot;:null,&quot;layers&quot;:&quot;\/navigation\/28228\/layers&quot;,&quot;link&quot;:&quot;\/r\/frais\/cremerie\/oeufs\/oeufs-standards&quot;}],&quot;layers&quot;:&quot;\/navigation\/28143\/layers&quot;,&quot;link&quot;:&quot;\/r\/frais\/cremerie\/oeufs&quot;},{&quot;name&quot;:&quot;Beurres&quot;,&quot;code&quot;:&quot;R06F05SF02&quot;,&quot;id&quot;:&quot;28135&quot;,&quot;type&quot;:&quot;RAYON&quot;,&quot;picto&quot;:null,&quot;level&quot;:3,&quot;sellerId&quot;:null,&quot;slug&quot;:&quot;beurres&quot;,&quot;selected&quot;:false,&quot;children&quot;:[{&quot;name&quot;:&quot;Beurres doux&quot;,&quot;code&quot;:&quot;R06F05SF02SS01&quot;,&quot;id&quot;:&quot;28136&quot;,&quot;type&quot;:&quot;RAYON&quot;,&quot;picto&quot;:null,&quot;level&quot;:4,&quot;sellerId&quot;:null,&quot;slug&quot;:&quot;beurres-doux&quot;,&quot;selected&quot;:false,&quot;children&quot;:null,&quot;layers&quot;:&quot;\/navigation\/28136\/layers&quot;,&quot;link&quot;:&quot;\/r\/frais\/cremerie\/beurres\/beurres-doux&quot;},{&quot;name&quot;:&quot;Beurres demi-sel&quot;,&quot;code&quot;:&quot;R06F05SF02SS02&quot;,&quot;id&quot;:&quot;28137&quot;,&quot;type&quot;:&quot;RAYON&quot;,&quot;picto&quot;:null,&quot;level&quot;:4,&quot;sellerId&quot;:null,&quot;slug&quot;:&quot;beurres-demi-sel&quot;,&quot;selected&quot;:false,&quot;children&quot;:null,&quot;layers&quot;:&quot;\/navigation\/28137\/layers&quot;,&quot;link&quot;:&quot;\/r\/frais\/cremerie\/beurres\/beurres-demi-sel&quot;},{&quot;name&quot;:&quot;Beurres barquettes&quot;,&quot;code&quot;:&quot;R06F05SF02SS03&quot;,&quot;id&quot;:&quot;28222&quot;,&quot;type&quot;:&quot;RAYON&quot;,&quot;picto&quot;:null,&quot;level&quot;:4,&quot;sellerId&quot;:null,&quot;slug&quot;:&quot;beurres-barquettes&quot;,&quot;selected&quot;:false,&quot;children&quot;:null,&quot;layers&quot;:&quot;\/navigation\/28222\/layers&quot;,&quot;link&quot;:&quot;\/r\/frais\/cremerie\/beurres\/beurres-barquettes&quot;},{&quot;name&quot;:&quot;Beurres moul\u00e9s&quot;,&quot;code&quot;:&quot;R06F05SF02SS04&quot;,&quot;id&quot;:&quot;28223&quot;,&quot;type&quot;:&quot;RAYON&quot;,&quot;picto&quot;:null,&quot;level&quot;:4,&quot;sellerId&quot;:null,&quot;slug&quot;:&quot;beurres-moules&quot;,&quot;selected&quot;:false,&quot;children&quot;:null,&quot;layers&quot;:&quot;\/navigation\/28223\/layers&quot;,&quot;link&quot;:&quot;\/r\/frais\/cremerie\/beurres\/beurres-moules&quot;},{&quot;name&quot;:&quot;Beurres plaquettes&quot;,&quot;code&quot;:&quot;R06F05SF02SS05&quot;,&quot;id&quot;:&quot;28224&quot;,&quot;type&quot;:&quot;RAYON&quot;,&quot;picto&quot;:null,&quot;level&quot;:4,&quot;sellerId&quot;:null,&quot;slug&quot;:&quot;beurres-plaquettes&quot;,&quot;selected&quot;:false,&quot;children&quot;:null,&quot;layers&quot;:&quot;\/navigation\/28224\/layers&quot;,&quot;link&quot;:&quot;\/r\/frais\/cremerie\/beurres\/beurres-plaquettes&quot;},{&quot;name&quot;:&quot;Mini-beurres&quot;,&quot;code&quot;:&quot;R06F05SF02SS06&quot;,&quot;id&quot;:&quot;28225&quot;,&quot;type&quot;:&quot;RAYON&quot;,&quot;picto&quot;:null,&quot;level&quot;:4,&quot;sellerId&quot;:null,&quot;slug&quot;:&quot;mini-beurres&quot;,&quot;selected&quot;:false,&quot;children&quot;:null,&quot;layers&quot;:&quot;\/navigation\/28225\/layers&quot;,&quot;link&quot;:&quot;\/r\/frais\/cremerie\/beurres\/mini-beurres&quot;}],&quot;layers&quot;:&quot;\/navigation\/28135\/layers&quot;,&quot;link&quot;:&quot;\/r\/frais\/cremerie\/beurres&quot;},{&quot;name&quot;:&quot;Margarines et Mati\u00e8res grasses&quot;,&quot;code&quot;:&quot;R06F05SF03&quot;,&quot;id&quot;:&quot;28138&quot;,&quot;type&quot;:&quot;RAYON&quot;,&quot;picto&quot;:null,&quot;level&quot;:3,&quot;sellerId&quot;:null,&quot;slug&quot;:&quot;margarines-matieres-grasses&quot;,&quot;selected&quot;:false,&quot;children&quot;:null,&quot;layers&quot;:&quot;\/navigation\/28138\/layers&quot;,&quot;link&quot;:&quot;\/r\/frais\/cremerie\/margarines-matieres-grasses&quot;},{&quot;name&quot;:&quot;Cr\u00e8mes et Chantilly&quot;,&quot;code&quot;:&quot;R06F05SF04&quot;,&quot;id&quot;:&quot;28139&quot;,&quot;type&quot;:&quot;RAYON&quot;,&quot;picto&quot;:null,&quot;level&quot;:3,&quot;sellerId&quot;:null,&quot;slug&quot;:&quot;cremes-chantilly&quot;,&quot;selected&quot;:false,&quot;children&quot;:[{&quot;name&quot;:&quot;Cr\u00e8mes \u00e9paisses&quot;,&quot;code&quot;:&quot;R06F05SF04SS01&quot;,&quot;id&quot;:&quot;28140&quot;,&quot;type&quot;:&quot;RAYON&quot;,&quot;picto&quot;:null,&quot;level&quot;:4,&quot;sellerId&quot;:null,&quot;slug&quot;:&quot;cremes-epaisses&quot;,&quot;selected&quot;:false,&quot;children&quot;:null,&quot;layers&quot;:&quot;\/navigation\/28140\/layers&quot;,&quot;link&quot;:&quot;\/r\/frais\/cremerie\/cremes-chantilly\/cremes-epaisses&quot;},{&quot;name&quot;:&quot;Cr\u00e8mes fluides&quot;,&quot;code&quot;:&quot;R06F05SF04SS02&quot;,&quot;id&quot;:&quot;28141&quot;,&quot;type&quot;:&quot;RAYON&quot;,&quot;picto&quot;:null,&quot;level&quot;:4,&quot;sellerId&quot;:null,&quot;slug&quot;:&quot;cremes-fluides&quot;,&quot;selected&quot;:false,&quot;children&quot;:null,&quot;layers&quot;:&quot;\/navigation\/28141\/layers&quot;,&quot;link&quot;:&quot;\/r\/frais\/cremerie\/cremes-chantilly\/cremes-fluides&quot;},{&quot;name&quot;:&quot;Chantilly et Cr\u00e8mes anglaises&quot;,&quot;code&quot;:&quot;R06F05SF04SS03&quot;,&quot;id&quot;:&quot;28142&quot;,&quot;type&quot;:&quot;RAYON&quot;,&quot;picto&quot;:null,&quot;level&quot;:4,&quot;sellerId&quot;:null,&quot;slug&quot;:&quot;chantilly-cremes-anglaises&quot;,&quot;selected&quot;:false,&quot;children&quot;:null,&quot;layers&quot;:&quot;\/navigation\/28142\/layers&quot;,&quot;link&quot;:&quot;\/r\/frais\/cremerie\/cremes-chantilly\/chantilly-cremes-anglaises&quot;}],&quot;layers&quot;:&quot;\/navigation\/28139\/layers&quot;,&quot;link&quot;:&quot;\/r\/frais\/cremerie\/cremes-chantilly&quot;},{&quot;name&quot;:&quot;Laits et Boissons v\u00e9g\u00e9tales&quot;,&quot;code&quot;:&quot;R06F05SF05&quot;,&quot;id&quot;:&quot;28144&quot;,&quot;type&quot;:&quot;RAYON&quot;,&quot;picto&quot;:null,&quot;level&quot;:3,&quot;sellerId&quot;:null,&quot;slug&quot;:&quot;laits-boissons-vegetales&quot;,&quot;selected&quot;:false,&quot;children&quot;:[{&quot;name&quot;:&quot;Lait demi-\u00e9cr\u00e9m\u00e9&quot;,&quot;code&quot;:&quot;R06F05SF05SS01&quot;,&quot;id&quot;:&quot;28145&quot;,&quot;type&quot;:&quot;RAYON&quot;,&quot;picto&quot;:null,&quot;level&quot;:4,&quot;sellerId&quot;:null,&quot;slug&quot;:&quot;lait-demi-ecreme&quot;,&quot;selected&quot;:false,&quot;children&quot;:null,&quot;layers&quot;:&quot;\/navigation\/28145\/layers&quot;,&quot;link&quot;:&quot;\/r\/frais\/cremerie\/laits-boissons-vegetales\/lait-demi-ecreme&quot;},{&quot;name&quot;:&quot;Lait \u00e9cr\u00e9m\u00e9&quot;,&quot;code&quot;:&quot;R06F05SF05SS02&quot;,&quot;id&quot;:&quot;28146&quot;,&quot;type&quot;:&quot;RAYON&quot;,&quot;picto&quot;:null,&quot;level&quot;:4,&quot;sellerId&quot;:null,&quot;slug&quot;:&quot;lait-ecreme&quot;,&quot;selected&quot;:false,&quot;children&quot;:null,&quot;layers&quot;:&quot;\/navigation\/28146\/layers&quot;,&quot;link&quot;:&quot;\/r\/frais\/cremerie\/laits-boissons-vegetales\/lait-ecreme&quot;},{&quot;name&quot;:&quot;Lait entier&quot;,&quot;code&quot;:&quot;R06F05SF05SS03&quot;,&quot;id&quot;:&quot;28147&quot;,&quot;type&quot;:&quot;RAYON&quot;,&quot;picto&quot;:null,&quot;level&quot;:4,&quot;sellerId&quot;:null,&quot;slug&quot;:&quot;lait-entier&quot;,&quot;selected&quot;:false,&quot;children&quot;:null,&quot;layers&quot;:&quot;\/navigation\/28147\/layers&quot;,&quot;link&quot;:&quot;\/r\/frais\/cremerie\/laits-boissons-vegetales\/lait-entier&quot;},{&quot;name&quot;:&quot;Lait aromatis\u00e9&quot;,&quot;code&quot;:&quot;R06F05SF05SS04&quot;,&quot;id&quot;:&quot;28148&quot;,&quot;type&quot;:&quot;RAYON&quot;,&quot;picto&quot;:null,&quot;level&quot;:4,&quot;sellerId&quot;:null,&quot;slug&quot;:&quot;lait-aromatise&quot;,&quot;selected&quot;:false,&quot;children&quot;:null,&quot;layers&quot;:&quot;\/navigation\/28148\/layers&quot;,&quot;link&quot;:&quot;\/r\/frais\/cremerie\/laits-boissons-vegetales\/lait-aromatise&quot;},{&quot;name&quot;:&quot;Lait de ch\u00e8vre et Brebis&quot;,&quot;code&quot;:&quot;R06F05SF05SS05&quot;,&quot;id&quot;:&quot;28149&quot;,&quot;type&quot;:&quot;RAYON&quot;,&quot;picto&quot;:null,&quot;level&quot;:4,&quot;sellerId&quot;:null,&quot;slug&quot;:&quot;lait-chevre-brebis&quot;,&quot;selected&quot;:false,&quot;children&quot;:null,&quot;layers&quot;:&quot;\/navigation\/28149\/layers&quot;,&quot;link&quot;:&quot;\/r\/frais\/cremerie\/laits-boissons-vegetales\/lait-chevre-brebis&quot;},{&quot;name&quot;:&quot;Lait frais&quot;,&quot;code&quot;:&quot;R06F05SF05SS06&quot;,&quot;id&quot;:&quot;28150&quot;,&quot;type&quot;:&quot;RAYON&quot;,&quot;picto&quot;:null,&quot;level&quot;:4,&quot;sellerId&quot;:null,&quot;slug&quot;:&quot;lait-frais&quot;,&quot;selected&quot;:false,&quot;children&quot;:null,&quot;layers&quot;:&quot;\/navigation\/28150\/layers&quot;,&quot;link&quot;:&quot;\/r\/frais\/cremerie\/laits-boissons-vegetales\/lait-frais&quot;},{&quot;name&quot;:&quot;Boissons v\u00e9g\u00e9tales&quot;,&quot;code&quot;:&quot;R06F05SF05SS07&quot;,&quot;id&quot;:&quot;28151&quot;,&quot;type&quot;:&quot;RAYON&quot;,&quot;picto&quot;:null,&quot;level&quot;:4,&quot;sellerId&quot;:null,&quot;slug&quot;:&quot;boissons-vegetales&quot;,&quot;selected&quot;:false,&quot;children&quot;:null,&quot;layers&quot;:&quot;\/navigation\/28151\/layers&quot;,&quot;link&quot;:&quot;\/r\/frais\/cremerie\/laits-boissons-vegetales\/boissons-vegetales&quot;}],&quot;layers&quot;:&quot;\/navigation\/28144\/layers&quot;,&quot;link&quot;:&quot;\/r\/frais\/cremerie\/laits-boissons-vegetales&quot;}],&quot;layers&quot;:&quot;\/navigation\/28128\/layers&quot;,&quot;link&quot;:&quot;\/r\/frais\/cremerie&quot;},{&quot;name&quot;:&quot;Yaourts et Desserts&quot;,&quot;code&quot;:&quot;R06F06&quot;,&quot;id&quot;:&quot;28131&quot;,&quot;type&quot;:&quot;RAYON&quot;,&quot;picto&quot;:&quot;https:\/\/media.carrefour.fr\/medias\/09aa5ea85235320b8fe82af9482be110\/p_96x96\/28131.jpg&quot;,&quot;level&quot;:2,&quot;sellerId&quot;:null,&quot;slug&quot;:&quot;yaourts-desserts&quot;,&quot;selected&quot;:false,&quot;children&quot;:[{&quot;name&quot;:&quot;Yaourts&quot;,&quot;code&quot;:&quot;R06F06SF01&quot;,&quot;id&quot;:&quot;28229&quot;,&quot;type&quot;:&quot;RAYON&quot;,&quot;picto&quot;:null,&quot;level&quot;:3,&quot;sellerId&quot;:null,&quot;slug&quot;:&quot;yaourts&quot;,&quot;selected&quot;:false,&quot;children&quot;:[{&quot;name&quot;:&quot;Yaourts natures&quot;,&quot;code&quot;:&quot;R06F06SF01SS01&quot;,&quot;id&quot;:&quot;28235&quot;,&quot;type&quot;:&quot;RAYON&quot;,&quot;picto&quot;:null,&quot;level&quot;:4,&quot;sellerId&quot;:null,&quot;slug&quot;:&quot;yaourts-natures&quot;,&quot;selected&quot;:false,&quot;children&quot;:null,&quot;layers&quot;:&quot;\/navigation\/28235\/layers&quot;,&quot;link&quot;:&quot;\/r\/frais\/yaourts-desserts\/yaourts\/yaourts-natures&quot;},{&quot;name&quot;:&quot;Yaourts aux fruits et ar\u00f4matis\u00e9s&quot;,&quot;code&quot;:&quot;R06F06SF01SS02&quot;,&quot;id&quot;:&quot;28236&quot;,&quot;type&quot;:&quot;RAYON&quot;,&quot;picto&quot;:null,&quot;level&quot;:4,&quot;sellerId&quot;:null,&quot;slug&quot;:&quot;yaourts-aux-fruits-aromatises&quot;,&quot;selected&quot;:false,&quot;children&quot;:null,&quot;layers&quot;:&quot;\/navigation\/28236\/layers&quot;,&quot;link&quot;:&quot;\/r\/frais\/yaourts-desserts\/yaourts\/yaourts-aux-fruits-aromatises&quot;},{&quot;name&quot;:&quot;Yaourts bifidus et bien-\u00eatre&quot;,&quot;code&quot;:&quot;R06F06SF01SS03&quot;,&quot;id&quot;:&quot;28237&quot;,&quot;type&quot;:&quot;RAYON&quot;,&quot;picto&quot;:null,&quot;level&quot;:4,&quot;sellerId&quot;:null,&quot;slug&quot;:&quot;yaourts-bifidus-bien-etre&quot;,&quot;selected&quot;:false,&quot;children&quot;:null,&quot;layers&quot;:&quot;\/navigation\/28237\/layers&quot;,&quot;link&quot;:&quot;\/r\/frais\/yaourts-desserts\/yaourts\/yaourts-bifidus-bien-etre&quot;},{&quot;name&quot;:&quot;Yaourts all\u00e9g\u00e9s et 0%&quot;,&quot;code&quot;:&quot;R06F06SF01SS04&quot;,&quot;id&quot;:&quot;28238&quot;,&quot;type&quot;:&quot;RAYON&quot;,&quot;picto&quot;:null,&quot;level&quot;:4,&quot;sellerId&quot;:null,&quot;slug&quot;:&quot;yaourts-alleges&quot;,&quot;selected&quot;:false,&quot;children&quot;:null,&quot;layers&quot;:&quot;\/navigation\/28238\/layers&quot;,&quot;link&quot;:&quot;\/r\/frais\/yaourts-desserts\/yaourts\/yaourts-alleges&quot;},{&quot;name&quot;:&quot;Yaourts ch\u00e8vre et brebis&quot;,&quot;code&quot;:&quot;R06F06SF01SS05&quot;,&quot;id&quot;:&quot;28239&quot;,&quot;type&quot;:&quot;RAYON&quot;,&quot;picto&quot;:null,&quot;level&quot;:4,&quot;sellerId&quot;:null,&quot;slug&quot;:&quot;yaourts-chevre-brebis&quot;,&quot;selected&quot;:false,&quot;children&quot;:null,&quot;layers&quot;:&quot;\/navigation\/28239\/layers&quot;,&quot;link&quot;:&quot;\/r\/frais\/yaourts-desserts\/yaourts\/yaourts-chevre-brebis&quot;},{&quot;name&quot;:&quot;Yaourts \u00e0 boire&quot;,&quot;code&quot;:&quot;R06F06SF01SS06&quot;,&quot;id&quot;:&quot;28240&quot;,&quot;type&quot;:&quot;RAYON&quot;,&quot;picto&quot;:null,&quot;level&quot;:4,&quot;sellerId&quot;:null,&quot;slug&quot;:&quot;yaourts-a-boire&quot;,&quot;selected&quot;:false,&quot;children&quot;:null,&quot;layers&quot;:&quot;\/navigation\/28240\/layers&quot;,&quot;link&quot;:&quot;\/r\/frais\/yaourts-desserts\/yaourts\/yaourts-a-boire&quot;}],&quot;layers&quot;:&quot;\/navigation\/28229\/layers&quot;,&quot;link&quot;:&quot;\/r\/frais\/yaourts-desserts\/yaourts&quot;},{&quot;name&quot;:&quot;Fromages blancs et Faisselles&quot;,&quot;code&quot;:&quot;R06F06SF02&quot;,&quot;id&quot;:&quot;28230&quot;,&quot;type&quot;:&quot;RAYON&quot;,&quot;picto&quot;:null,&quot;level&quot;:3,&quot;sellerId&quot;:null,&quot;slug&quot;:&quot;fromages-blancs-faisselles&quot;,&quot;selected&quot;:false,&quot;children&quot;:[{&quot;name&quot;:&quot;Fromages blancs natures&quot;,&quot;code&quot;:&quot;R06F06SF02SS01&quot;,&quot;id&quot;:&quot;28241&quot;,&quot;type&quot;:&quot;RAYON&quot;,&quot;picto&quot;:null,&quot;level&quot;:4,&quot;sellerId&quot;:null,&quot;slug&quot;:&quot;fromages-blancs-natures&quot;,&quot;selected&quot;:false,&quot;children&quot;:null,&quot;layers&quot;:&quot;\/navigation\/28241\/layers&quot;,&quot;link&quot;:&quot;\/r\/frais\/yaourts-desserts\/fromages-blancs-faisselles\/fromages-blancs-natures&quot;},{&quot;name&quot;:&quot;Fromages blancs aux fruits et ar\u00f4matis\u00e9s&quot;,&quot;code&quot;:&quot;R06F06SF02SS02&quot;,&quot;id&quot;:&quot;28242&quot;,&quot;type&quot;:&quot;RAYON&quot;,&quot;picto&quot;:null,&quot;level&quot;:4,&quot;sellerId&quot;:null,&quot;slug&quot;:&quot;fromages-blancs-aux-fruits-aromatises&quot;,&quot;selected&quot;:false,&quot;children&quot;:null,&quot;layers&quot;:&quot;\/navigation\/28242\/layers&quot;,&quot;link&quot;:&quot;\/r\/frais\/yaourts-desserts\/fromages-blancs-faisselles\/fromages-blancs-aux-fruits-aromatises&quot;},{&quot;name&quot;:&quot;Fromages blancs all\u00e9g\u00e9s et 0%&quot;,&quot;code&quot;:&quot;R06F06SF02SS03&quot;,&quot;id&quot;:&quot;28400&quot;,&quot;type&quot;:&quot;RAYON&quot;,&quot;picto&quot;:null,&quot;level&quot;:4,&quot;sellerId&quot;:null,&quot;slug&quot;:&quot;fromages-blancs-alleges&quot;,&quot;selected&quot;:false,&quot;children&quot;:null,&quot;layers&quot;:&quot;\/navigation\/28400\/layers&quot;,&quot;link&quot;:&quot;\/r\/frais\/yaourts-desserts\/fromages-blancs-faisselles\/fromages-blancs-alleges&quot;},{&quot;name&quot;:&quot;Faisselles&quot;,&quot;code&quot;:&quot;R06F06SF02SS04&quot;,&quot;id&quot;:&quot;28243&quot;,&quot;type&quot;:&quot;RAYON&quot;,&quot;picto&quot;:null,&quot;level&quot;:4,&quot;sellerId&quot;:null,&quot;slug&quot;:&quot;faisselles&quot;,&quot;selected&quot;:false,&quot;children&quot;:null,&quot;layers&quot;:&quot;\/navigation\/28243\/layers&quot;,&quot;link&quot;:&quot;\/r\/frais\/yaourts-desserts\/fromages-blancs-faisselles\/faisselles&quot;}],&quot;layers&quot;:&quot;\/navigation\/28230\/layers&quot;,&quot;link&quot;:&quot;\/r\/frais\/yaourts-desserts\/fromages-blancs-faisselles&quot;},{&quot;name&quot;:&quot;Yaourts et Desserts enfants&quot;,&quot;code&quot;:&quot;R06F06SF03&quot;,&quot;id&quot;:&quot;28231&quot;,&quot;type&quot;:&quot;RAYON&quot;,&quot;picto&quot;:null,&quot;level&quot;:3,&quot;sellerId&quot;:null,&quot;slug&quot;:&quot;yaourts-desserts-enfants&quot;,&quot;selected&quot;:false,&quot;children&quot;:[{&quot;name&quot;:&quot;Yaourts enfants&quot;,&quot;code&quot;:&quot;R06F06SF03SS01&quot;,&quot;id&quot;:&quot;28244&quot;,&quot;type&quot;:&quot;RAYON&quot;,&quot;picto&quot;:null,&quot;level&quot;:4,&quot;sellerId&quot;:null,&quot;slug&quot;:&quot;yaourts-enfants&quot;,&quot;selected&quot;:false,&quot;children&quot;:null,&quot;layers&quot;:&quot;\/navigation\/28244\/layers&quot;,&quot;link&quot;:&quot;\/r\/frais\/yaourts-desserts\/yaourts-desserts-enfants\/yaourts-enfants&quot;},{&quot;name&quot;:&quot;Petits suisses&quot;,&quot;code&quot;:&quot;R06F06SF03SS02&quot;,&quot;id&quot;:&quot;28245&quot;,&quot;type&quot;:&quot;RAYON&quot;,&quot;picto&quot;:null,&quot;level&quot;:4,&quot;sellerId&quot;:null,&quot;slug&quot;:&quot;petits-suisses&quot;,&quot;selected&quot;:false,&quot;children&quot;:null,&quot;layers&quot;:&quot;\/navigation\/28245\/layers&quot;,&quot;link&quot;:&quot;\/r\/frais\/yaourts-desserts\/yaourts-desserts-enfants\/petits-suisses&quot;},{&quot;name&quot;:&quot;Desserts enfants&quot;,&quot;code&quot;:&quot;R06F06SF03SS03&quot;,&quot;id&quot;:&quot;28246&quot;,&quot;type&quot;:&quot;RAYON&quot;,&quot;picto&quot;:null,&quot;level&quot;:4,&quot;sellerId&quot;:null,&quot;slug&quot;:&quot;desserts-enfants&quot;,&quot;selected&quot;:false,&quot;children&quot;:null,&quot;layers&quot;:&quot;\/navigation\/28246\/layers&quot;,&quot;link&quot;:&quot;\/r\/frais\/yaourts-desserts\/yaourts-desserts-enfants\/desserts-enfants&quot;},{&quot;name&quot;:&quot;Yaourts \u00e0 boire&quot;,&quot;code&quot;:&quot;R06F06SF03SS04&quot;,&quot;id&quot;:&quot;28401&quot;,&quot;type&quot;:&quot;RAYON&quot;,&quot;picto&quot;:null,&quot;level&quot;:4,&quot;sellerId&quot;:null,&quot;slug&quot;:&quot;yaourts-a-boire&quot;,&quot;selected&quot;:false,&quot;children&quot;:null,&quot;layers&quot;:&quot;\/navigation\/28401\/layers&quot;,&quot;link&quot;:&quot;\/r\/frais\/yaourts-desserts\/yaourts-desserts-enfants\/yaourts-a-boire&quot;}],&quot;layers&quot;:&quot;\/navigation\/28231\/layers&quot;,&quot;link&quot;:&quot;\/r\/frais\/yaourts-desserts\/yaourts-desserts-enfants&quot;},{&quot;name&quot;:&quot;Cr\u00e8mes desserts, Mousses et Li\u00e9geois&quot;,&quot;code&quot;:&quot;R06F06SF04&quot;,&quot;id&quot;:&quot;28232&quot;,&quot;type&quot;:&quot;RAYON&quot;,&quot;picto&quot;:null,&quot;level&quot;:3,&quot;sellerId&quot;:null,&quot;slug&quot;:&quot;cremes-dessert-mousses-liegeois&quot;,&quot;selected&quot;:false,&quot;children&quot;:[{&quot;name&quot;:&quot;Cr\u00e8mes desserts&quot;,&quot;code&quot;:&quot;R06F06SF04SS01&quot;,&quot;id&quot;:&quot;28247&quot;,&quot;type&quot;:&quot;RAYON&quot;,&quot;picto&quot;:null,&quot;level&quot;:4,&quot;sellerId&quot;:null,&quot;slug&quot;:&quot;cremes-desserts&quot;,&quot;selected&quot;:false,&quot;children&quot;:null,&quot;layers&quot;:&quot;\/navigation\/28247\/layers&quot;,&quot;link&quot;:&quot;\/r\/frais\/yaourts-desserts\/cremes-dessert-mousses-liegeois\/cremes-desserts&quot;},{&quot;name&quot;:&quot;Cr\u00e8mes aux oeufs&quot;,&quot;code&quot;:&quot;R06F06SF04SS02&quot;,&quot;id&quot;:&quot;28248&quot;,&quot;type&quot;:&quot;RAYON&quot;,&quot;picto&quot;:null,&quot;level&quot;:4,&quot;sellerId&quot;:null,&quot;slug&quot;:&quot;cremes-aux-oeufs&quot;,&quot;selected&quot;:false,&quot;children&quot;:null,&quot;layers&quot;:&quot;\/navigation\/28248\/layers&quot;,&quot;link&quot;:&quot;\/r\/frais\/yaourts-desserts\/cremes-dessert-mousses-liegeois\/cremes-aux-oeufs&quot;},{&quot;name&quot;:&quot;Mousses&quot;,&quot;code&quot;:&quot;R06F06SF04SS03&quot;,&quot;id&quot;:&quot;28249&quot;,&quot;type&quot;:&quot;RAYON&quot;,&quot;picto&quot;:null,&quot;level&quot;:4,&quot;sellerId&quot;:null,&quot;slug&quot;:&quot;mousses&quot;,&quot;selected&quot;:false,&quot;children&quot;:null,&quot;layers&quot;:&quot;\/navigation\/28249\/layers&quot;,&quot;link&quot;:&quot;\/r\/frais\/yaourts-desserts\/cremes-dessert-mousses-liegeois\/mousses&quot;},{&quot;name&quot;:&quot;Li\u00e9geois&quot;,&quot;code&quot;:&quot;R06F06SF04SS04&quot;,&quot;id&quot;:&quot;28250&quot;,&quot;type&quot;:&quot;RAYON&quot;,&quot;picto&quot;:null,&quot;level&quot;:4,&quot;sellerId&quot;:null,&quot;slug&quot;:&quot;liegeois&quot;,&quot;selected&quot;:false,&quot;children&quot;:null,&quot;layers&quot;:&quot;\/navigation\/28250\/layers&quot;,&quot;link&quot;:&quot;\/r\/frais\/yaourts-desserts\/cremes-dessert-mousses-liegeois\/liegeois&quot;}],&quot;layers&quot;:&quot;\/navigation\/28232\/layers&quot;,&quot;link&quot;:&quot;\/r\/frais\/yaourts-desserts\/cremes-dessert-mousses-liegeois&quot;},{&quot;name&quot;:&quot;Flans, Riz au lait et Semoules&quot;,&quot;code&quot;:&quot;R06F06SF05&quot;,&quot;id&quot;:&quot;28234&quot;,&quot;type&quot;:&quot;RAYON&quot;,&quot;picto&quot;:null,&quot;level&quot;:3,&quot;sellerId&quot;:null,&quot;slug&quot;:&quot;flans-riz-au-lait-semoules&quot;,&quot;selected&quot;:false,&quot;children&quot;:[{&quot;name&quot;:&quot;Flans&quot;,&quot;code&quot;:&quot;R06F06SF05SS01&quot;,&quot;id&quot;:&quot;28251&quot;,&quot;type&quot;:&quot;RAYON&quot;,&quot;picto&quot;:null,&quot;level&quot;:4,&quot;sellerId&quot;:null,&quot;slug&quot;:&quot;flans&quot;,&quot;selected&quot;:false,&quot;children&quot;:null,&quot;layers&quot;:&quot;\/navigation\/28251\/layers&quot;,&quot;link&quot;:&quot;\/r\/frais\/yaourts-desserts\/flans-riz-au-lait-semoules\/flans&quot;},{&quot;name&quot;:&quot;Riz au lait&quot;,&quot;code&quot;:&quot;R06F06SF05SS02&quot;,&quot;id&quot;:&quot;28252&quot;,&quot;type&quot;:&quot;RAYON&quot;,&quot;picto&quot;:null,&quot;level&quot;:4,&quot;sellerId&quot;:null,&quot;slug&quot;:&quot;riz-au-lait&quot;,&quot;selected&quot;:false,&quot;children&quot;:null,&quot;layers&quot;:&quot;\/navigation\/28252\/layers&quot;,&quot;link&quot;:&quot;\/r\/frais\/yaourts-desserts\/flans-riz-au-lait-semoules\/riz-au-lait&quot;},{&quot;name&quot;:&quot;Semoules au lait&quot;,&quot;code&quot;:&quot;R06F06SF05SS03&quot;,&quot;id&quot;:&quot;28253&quot;,&quot;type&quot;:&quot;RAYON&quot;,&quot;picto&quot;:null,&quot;level&quot;:4,&quot;sellerId&quot;:null,&quot;slug&quot;:&quot;semoules-au-lait&quot;,&quot;selected&quot;:false,&quot;children&quot;:null,&quot;layers&quot;:&quot;\/navigation\/28253\/layers&quot;,&quot;link&quot;:&quot;\/r\/frais\/yaourts-desserts\/flans-riz-au-lait-semoules\/semoules-au-lait&quot;}],&quot;layers&quot;:&quot;\/navigation\/28234\/layers&quot;,&quot;link&quot;:&quot;\/r\/frais\/yaourts-desserts\/flans-riz-au-lait-semoules&quot;},{&quot;name&quot;:&quot;Desserts p\u00e2tissiers et Italiens&quot;,&quot;code&quot;:&quot;R06F06SF06&quot;,&quot;id&quot;:&quot;28233&quot;,&quot;type&quot;:&quot;RAYON&quot;,&quot;picto&quot;:null,&quot;level&quot;:3,&quot;sellerId&quot;:null,&quot;slug&quot;:&quot;desserts-patissiers-italiens&quot;,&quot;selected&quot;:false,&quot;children&quot;:[{&quot;name&quot;:&quot;Iles flottantes&quot;,&quot;code&quot;:&quot;R06F06SF06SS01&quot;,&quot;id&quot;:&quot;28254&quot;,&quot;type&quot;:&quot;RAYON&quot;,&quot;picto&quot;:null,&quot;level&quot;:4,&quot;sellerId&quot;:null,&quot;slug&quot;:&quot;iles-flottantes&quot;,&quot;selected&quot;:false,&quot;children&quot;:null,&quot;layers&quot;:&quot;\/navigation\/28254\/layers&quot;,&quot;link&quot;:&quot;\/r\/frais\/yaourts-desserts\/desserts-patissiers-italiens\/iles-flottantes&quot;},{&quot;name&quot;:&quot;Desserts p\u00e2tissiers&quot;,&quot;code&quot;:&quot;R06F06SF06SS02&quot;,&quot;id&quot;:&quot;28255&quot;,&quot;type&quot;:&quot;RAYON&quot;,&quot;picto&quot;:null,&quot;level&quot;:4,&quot;sellerId&quot;:null,&quot;slug&quot;:&quot;desserts-patissiers&quot;,&quot;selected&quot;:false,&quot;children&quot;:null,&quot;layers&quot;:&quot;\/navigation\/28255\/layers&quot;,&quot;link&quot;:&quot;\/r\/frais\/yaourts-desserts\/desserts-patissiers-italiens\/desserts-patissiers&quot;},{&quot;name&quot;:&quot;Desserts italiens&quot;,&quot;code&quot;:&quot;R06F06SF06SS03&quot;,&quot;id&quot;:&quot;28256&quot;,&quot;type&quot;:&quot;RAYON&quot;,&quot;picto&quot;:null,&quot;level&quot;:4,&quot;sellerId&quot;:null,&quot;slug&quot;:&quot;desserts-italiens&quot;,&quot;selected&quot;:false,&quot;children&quot;:null,&quot;layers&quot;:&quot;\/navigation\/28256\/layers&quot;,&quot;link&quot;:&quot;\/r\/frais\/yaourts-desserts\/desserts-patissiers-italiens\/desserts-italiens&quot;}],&quot;layers&quot;:&quot;\/navigation\/28233\/layers&quot;,&quot;link&quot;:&quot;\/r\/frais\/yaourts-desserts\/desserts-patissiers-italiens&quot;},{&quot;name&quot;:&quot;Compotes fra\u00eeches&quot;,&quot;code&quot;:&quot;R06F06SF07&quot;,&quot;id&quot;:&quot;28178&quot;,&quot;type&quot;:&quot;RAYON&quot;,&quot;picto&quot;:null,&quot;level&quot;:3,&quot;sellerId&quot;:null,&quot;slug&quot;:&quot;compotes-fraiches&quot;,&quot;selected&quot;:false,&quot;children&quot;:null,&quot;layers&quot;:&quot;\/navigation\/28178\/layers&quot;,&quot;link&quot;:&quot;\/r\/frais\/yaourts-desserts\/compotes-fraiches&quot;},{&quot;name&quot;:&quot;Desserts v\u00e9g\u00e9taux&quot;,&quot;code&quot;:&quot;R06F06SF08&quot;,&quot;id&quot;:&quot;28179&quot;,&quot;type&quot;:&quot;RAYON&quot;,&quot;picto&quot;:null,&quot;level&quot;:3,&quot;sellerId&quot;:null,&quot;slug&quot;:&quot;desserts-vegetaux&quot;,&quot;selected&quot;:false,&quot;children&quot;:null,&quot;layers&quot;:&quot;\/navigation\/28179\/layers&quot;,&quot;link&quot;:&quot;\/r\/frais\/yaourts-desserts\/desserts-vegetaux&quot;}],&quot;layers&quot;:&quot;\/navigation\/28131\/layers&quot;,&quot;link&quot;:&quot;\/r\/frais\/yaourts-desserts&quot;},{&quot;name&quot;:&quot;Snacking et Plats cuisin\u00e9s&quot;,&quot;code&quot;:&quot;R06F07&quot;,&quot;id&quot;:&quot;28134&quot;,&quot;type&quot;:&quot;RAYON&quot;,&quot;picto&quot;:&quot;https:\/\/media.carrefour.fr\/medias\/928a23bedee535d9a0f7a7649c73a7e4\/p_96x96\/28134.jpg&quot;,&quot;level&quot;:2,&quot;sellerId&quot;:null,&quot;slug&quot;:&quot;snacking-plats-cuisines&quot;,&quot;selected&quot;:false,&quot;children&quot;:[{&quot;name&quot;:&quot;Salades &quot;,&quot;code&quot;:&quot;R06F07SF01&quot;,&quot;id&quot;:&quot;28349&quot;,&quot;type&quot;:&quot;RAYON&quot;,&quot;picto&quot;:null,&quot;level&quot;:3,&quot;sellerId&quot;:null,&quot;slug&quot;:&quot;salades&quot;,&quot;selected&quot;:false,&quot;children&quot;:[{&quot;name&quot;:&quot;Salades repas&quot;,&quot;code&quot;:&quot;R06F07SF01SS01&quot;,&quot;id&quot;:&quot;28351&quot;,&quot;type&quot;:&quot;RAYON&quot;,&quot;picto&quot;:null,&quot;level&quot;:4,&quot;sellerId&quot;:null,&quot;slug&quot;:&quot;salades-repas&quot;,&quot;selected&quot;:false,&quot;children&quot;:null,&quot;layers&quot;:&quot;\/navigation\/28351\/layers&quot;,&quot;link&quot;:&quot;\/r\/frais\/snacking-plats-cuisines\/salades\/salades-repas&quot;},{&quot;name&quot;:&quot;Salades de crudit\u00e9s&quot;,&quot;code&quot;:&quot;R06F07SF01SS02&quot;,&quot;id&quot;:&quot;28352&quot;,&quot;type&quot;:&quot;RAYON&quot;,&quot;picto&quot;:null,&quot;level&quot;:4,&quot;sellerId&quot;:null,&quot;slug&quot;:&quot;salades-crudites&quot;,&quot;selected&quot;:false,&quot;children&quot;:null,&quot;layers&quot;:&quot;\/navigation\/28352\/layers&quot;,&quot;link&quot;:&quot;\/r\/frais\/snacking-plats-cuisines\/salades\/salades-crudites&quot;},{&quot;name&quot;:&quot;Pi\u00e9montaises et Taboul\u00e9s&quot;,&quot;code&quot;:&quot;R06F07SF01SS03&quot;,&quot;id&quot;:&quot;28353&quot;,&quot;type&quot;:&quot;RAYON&quot;,&quot;picto&quot;:null,&quot;level&quot;:4,&quot;sellerId&quot;:null,&quot;slug&quot;:&quot;piemontaises-taboules&quot;,&quot;selected&quot;:false,&quot;children&quot;:null,&quot;layers&quot;:&quot;\/navigation\/28353\/layers&quot;,&quot;link&quot;:&quot;\/r\/frais\/snacking-plats-cuisines\/salades\/piemontaises-taboules&quot;}],&quot;layers&quot;:&quot;\/navigation\/28349\/layers&quot;,&quot;link&quot;:&quot;\/r\/frais\/snacking-plats-cuisines\/salades&quot;},{&quot;name&quot;:&quot;Sandwichs&quot;,&quot;code&quot;:&quot;R06F07SF02&quot;,&quot;id&quot;:&quot;28350&quot;,&quot;type&quot;:&quot;RAYON&quot;,&quot;picto&quot;:null,&quot;level&quot;:3,&quot;sellerId&quot;:null,&quot;slug&quot;:&quot;sandwichs&quot;,&quot;selected&quot;:false,&quot;children&quot;:[{&quot;name&quot;:&quot;Club sandwichs&quot;,&quot;code&quot;:&quot;R06F07SF02SS01&quot;,&quot;id&quot;:&quot;28354&quot;,&quot;type&quot;:&quot;RAYON&quot;,&quot;picto&quot;:null,&quot;level&quot;:4,&quot;sellerId&quot;:null,&quot;slug&quot;:&quot;club-sandwichs&quot;,&quot;selected&quot;:false,&quot;children&quot;:null,&quot;layers&quot;:&quot;\/navigation\/28354\/layers&quot;,&quot;link&quot;:&quot;\/r\/frais\/snacking-plats-cuisines\/sandwichs\/club-sandwichs&quot;},{&quot;name&quot;:&quot;Sandwichs baguettes&quot;,&quot;code&quot;:&quot;R06F07SF02SS02&quot;,&quot;id&quot;:&quot;28355&quot;,&quot;type&quot;:&quot;RAYON&quot;,&quot;picto&quot;:null,&quot;level&quot;:4,&quot;sellerId&quot;:null,&quot;slug&quot;:&quot;sandwichs-baguettes&quot;,&quot;selected&quot;:false,&quot;children&quot;:null,&quot;layers&quot;:&quot;\/navigation\/28355\/layers&quot;,&quot;link&quot;:&quot;\/r\/frais\/snacking-plats-cuisines\/sandwichs\/sandwichs-baguettes&quot;},{&quot;name&quot;:&quot;Wraps&quot;,&quot;code&quot;:&quot;R06F07SF02SS03&quot;,&quot;id&quot;:&quot;28356&quot;,&quot;type&quot;:&quot;RAYON&quot;,&quot;picto&quot;:null,&quot;level&quot;:4,&quot;sellerId&quot;:null,&quot;slug&quot;:&quot;wraps&quot;,&quot;selected&quot;:false,&quot;children&quot;:null,&quot;layers&quot;:&quot;\/navigation\/28356\/layers&quot;,&quot;link&quot;:&quot;\/r\/frais\/snacking-plats-cuisines\/sandwichs\/wraps&quot;},{&quot;name&quot;:&quot;Sandwichs pains polaires&quot;,&quot;code&quot;:&quot;R06F07SF02SS04&quot;,&quot;id&quot;:&quot;28357&quot;,&quot;type&quot;:&quot;RAYON&quot;,&quot;picto&quot;:null,&quot;level&quot;:4,&quot;sellerId&quot;:null,&quot;slug&quot;:&quot;sandwichs-pains-polaires&quot;,&quot;selected&quot;:false,&quot;children&quot;:null,&quot;layers&quot;:&quot;\/navigation\/28357\/layers&quot;,&quot;link&quot;:&quot;\/r\/frais\/snacking-plats-cuisines\/sandwichs\/sandwichs-pains-polaires&quot;}],&quot;layers&quot;:&quot;\/navigation\/28350\/layers&quot;,&quot;link&quot;:&quot;\/r\/frais\/snacking-plats-cuisines\/sandwichs&quot;},{&quot;name&quot;:&quot;Burgers et Galettes&quot;,&quot;code&quot;:&quot;R06F07SF03&quot;,&quot;id&quot;:&quot;28358&quot;,&quot;type&quot;:&quot;RAYON&quot;,&quot;picto&quot;:null,&quot;level&quot;:3,&quot;sellerId&quot;:null,&quot;slug&quot;:&quot;burgers-galettes&quot;,&quot;selected&quot;:false,&quot;children&quot;:[{&quot;name&quot;:&quot;Burgers&quot;,&quot;code&quot;:&quot;R06F07SF03SS01&quot;,&quot;id&quot;:&quot;28359&quot;,&quot;type&quot;:&quot;RAYON&quot;,&quot;picto&quot;:null,&quot;level&quot;:4,&quot;sellerId&quot;:null,&quot;slug&quot;:&quot;burgers&quot;,&quot;selected&quot;:false,&quot;children&quot;:null,&quot;layers&quot;:&quot;\/navigation\/28359\/layers&quot;,&quot;link&quot;:&quot;\/r\/frais\/snacking-plats-cuisines\/burgers-galettes\/burgers&quot;},{&quot;name&quot;:&quot;Hot-dog&quot;,&quot;code&quot;:&quot;R06F07SF03SS02&quot;,&quot;id&quot;:&quot;28360&quot;,&quot;type&quot;:&quot;RAYON&quot;,&quot;picto&quot;:null,&quot;level&quot;:4,&quot;sellerId&quot;:null,&quot;slug&quot;:&quot;hot-dog&quot;,&quot;selected&quot;:false,&quot;children&quot;:null,&quot;layers&quot;:&quot;\/navigation\/28360\/layers&quot;,&quot;link&quot;:&quot;\/r\/frais\/snacking-plats-cuisines\/burgers-galettes\/hot-dog&quot;},{&quot;name&quot;:&quot;Galettes compos\u00e9es&quot;,&quot;code&quot;:&quot;R06F07SF03SS03&quot;,&quot;id&quot;:&quot;28361&quot;,&quot;type&quot;:&quot;RAYON&quot;,&quot;picto&quot;:null,&quot;level&quot;:4,&quot;sellerId&quot;:null,&quot;slug&quot;:&quot;galettes-composees&quot;,&quot;selected&quot;:false,&quot;children&quot;:null,&quot;layers&quot;:&quot;\/navigation\/28361\/layers&quot;,&quot;link&quot;:&quot;\/r\/frais\/snacking-plats-cuisines\/burgers-galettes\/galettes-composees&quot;}],&quot;layers&quot;:&quot;\/navigation\/28358\/layers&quot;,&quot;link&quot;:&quot;\/r\/frais\/snacking-plats-cuisines\/burgers-galettes&quot;},{&quot;name&quot;:&quot;Box de p\u00e2tes&quot;,&quot;code&quot;:&quot;R06F07SF04&quot;,&quot;id&quot;:&quot;28362&quot;,&quot;type&quot;:&quot;RAYON&quot;,&quot;picto&quot;:null,&quot;level&quot;:3,&quot;sellerId&quot;:null,&quot;slug&quot;:&quot;box-pates&quot;,&quot;selected&quot;:false,&quot;children&quot;:null,&quot;layers&quot;:&quot;\/navigation\/28362\/layers&quot;,&quot;link&quot;:&quot;\/r\/frais\/snacking-plats-cuisines\/box-pates&quot;},{&quot;name&quot;:&quot;Plats cuisin\u00e9s&quot;,&quot;code&quot;:&quot;R06F07SF05&quot;,&quot;id&quot;:&quot;28363&quot;,&quot;type&quot;:&quot;RAYON&quot;,&quot;picto&quot;:null,&quot;level&quot;:3,&quot;sellerId&quot;:null,&quot;slug&quot;:&quot;plats-cuisines&quot;,&quot;selected&quot;:false,&quot;children&quot;:[{&quot;name&quot;:&quot;Plats cuisin\u00e9s \u00e0 base de viande&quot;,&quot;code&quot;:&quot;R06F07SF05SS01&quot;,&quot;id&quot;:&quot;28364&quot;,&quot;type&quot;:&quot;RAYON&quot;,&quot;picto&quot;:null,&quot;level&quot;:4,&quot;sellerId&quot;:null,&quot;slug&quot;:&quot;plats-cuisines-viande&quot;,&quot;selected&quot;:false,&quot;children&quot;:null,&quot;layers&quot;:&quot;\/navigation\/28364\/layers&quot;,&quot;link&quot;:&quot;\/r\/frais\/snacking-plats-cuisines\/plats-cuisines\/plats-cuisines-viande&quot;},{&quot;name&quot;:&quot;Plats cuisin\u00e9s \u00e0 base de produits de la mer&quot;,&quot;code&quot;:&quot;R06F07SF05SS02&quot;,&quot;id&quot;:&quot;28365&quot;,&quot;type&quot;:&quot;RAYON&quot;,&quot;picto&quot;:null,&quot;level&quot;:4,&quot;sellerId&quot;:null,&quot;slug&quot;:&quot;plats-cuisines-produits-mer&quot;,&quot;selected&quot;:false,&quot;children&quot;:null,&quot;layers&quot;:&quot;\/navigation\/28365\/layers&quot;,&quot;link&quot;:&quot;\/r\/frais\/snacking-plats-cuisines\/plats-cuisines\/plats-cuisines-produits-mer&quot;},{&quot;name&quot;:&quot;Plats cuisin\u00e9s \u00e0 base de l\u00e9gumes&quot;,&quot;code&quot;:&quot;R06F07SF05SS03&quot;,&quot;id&quot;:&quot;28366&quot;,&quot;type&quot;:&quot;RAYON&quot;,&quot;picto&quot;:null,&quot;level&quot;:4,&quot;sellerId&quot;:null,&quot;slug&quot;:&quot;plats-cuisines-legumes&quot;,&quot;selected&quot;:false,&quot;children&quot;:null,&quot;layers&quot;:&quot;\/navigation\/28366\/layers&quot;,&quot;link&quot;:&quot;\/r\/frais\/snacking-plats-cuisines\/plats-cuisines\/plats-cuisines-legumes&quot;}],&quot;layers&quot;:&quot;\/navigation\/28363\/layers&quot;,&quot;link&quot;:&quot;\/r\/frais\/snacking-plats-cuisines\/plats-cuisines&quot;}],&quot;layers&quot;:&quot;\/navigation\/28134\/layers&quot;,&quot;link&quot;:&quot;\/r\/frais\/snacking-plats-cuisines&quot;},{&quot;name&quot;:&quot;V\u00e9g\u00e9tal&quot;,&quot;code&quot;:&quot;R06F08&quot;,&quot;id&quot;:&quot;28708&quot;,&quot;type&quot;:&quot;RAYON&quot;,&quot;picto&quot;:null,&quot;level&quot;:2,&quot;sellerId&quot;:null,&quot;slug&quot;:&quot;vegetal&quot;,&quot;selected&quot;:false,&quot;children&quot;:[{&quot;name&quot;:&quot;Desserts v\u00e9g\u00e9taux&quot;,&quot;code&quot;:&quot;R06F08SF01&quot;,&quot;id&quot;:&quot;28709&quot;,&quot;type&quot;:&quot;RAYON&quot;,&quot;picto&quot;:null,&quot;level&quot;:3,&quot;sellerId&quot;:null,&quot;slug&quot;:&quot;desserts-vegetaux&quot;,&quot;selected&quot;:false,&quot;children&quot;:[{&quot;name&quot;:&quot;Desserts natures&quot;,&quot;code&quot;:&quot;R06F08SF01SS01&quot;,&quot;id&quot;:&quot;28713&quot;,&quot;type&quot;:&quot;RAYON&quot;,&quot;picto&quot;:null,&quot;level&quot;:4,&quot;sellerId&quot;:null,&quot;slug&quot;:&quot;desserts-natures&quot;,&quot;selected&quot;:false,&quot;children&quot;:null,&quot;layers&quot;:&quot;\/navigation\/28713\/layers&quot;,&quot;link&quot;:&quot;\/r\/frais\/vegetal\/desserts-vegetaux\/desserts-natures&quot;},{&quot;name&quot;:&quot;Desserts aux fruits&quot;,&quot;code&quot;:&quot;R06F08SF01SS02&quot;,&quot;id&quot;:&quot;28714&quot;,&quot;type&quot;:&quot;RAYON&quot;,&quot;picto&quot;:null,&quot;level&quot;:4,&quot;sellerId&quot;:null,&quot;slug&quot;:&quot;desserts-fruits&quot;,&quot;selected&quot;:false,&quot;children&quot;:null,&quot;layers&quot;:&quot;\/navigation\/28714\/layers&quot;,&quot;link&quot;:&quot;\/r\/frais\/vegetal\/desserts-vegetaux\/desserts-fruits&quot;},{&quot;name&quot;:&quot;Desserts gourmands&quot;,&quot;code&quot;:&quot;R06F08SF01SS03&quot;,&quot;id&quot;:&quot;28715&quot;,&quot;type&quot;:&quot;RAYON&quot;,&quot;picto&quot;:null,&quot;level&quot;:4,&quot;sellerId&quot;:null,&quot;slug&quot;:&quot;desserts-gourmands&quot;,&quot;selected&quot;:false,&quot;children&quot;:null,&quot;layers&quot;:&quot;\/navigation\/28715\/layers&quot;,&quot;link&quot;:&quot;\/r\/frais\/vegetal\/desserts-vegetaux\/desserts-gourmands&quot;}],&quot;layers&quot;:&quot;\/navigation\/28709\/layers&quot;,&quot;link&quot;:&quot;\/r\/frais\/vegetal\/desserts-vegetaux&quot;},{&quot;name&quot;:&quot;Boissons v\u00e9g\u00e9tales&quot;,&quot;code&quot;:&quot;R06F08SF02&quot;,&quot;id&quot;:&quot;28710&quot;,&quot;type&quot;:&quot;RAYON&quot;,&quot;picto&quot;:null,&quot;level&quot;:3,&quot;sellerId&quot;:null,&quot;slug&quot;:&quot;boissons-vegetales&quot;,&quot;selected&quot;:false,&quot;children&quot;:[{&quot;name&quot;:&quot;Boisson v\u00e9g\u00e9tale amande &quot;,&quot;code&quot;:&quot;R06F08SF02SS01&quot;,&quot;id&quot;:&quot;28716&quot;,&quot;type&quot;:&quot;RAYON&quot;,&quot;picto&quot;:null,&quot;level&quot;:4,&quot;sellerId&quot;:null,&quot;slug&quot;:&quot;boisson-vegetale-amande&quot;,&quot;selected&quot;:false,&quot;children&quot;:null,&quot;layers&quot;:&quot;\/navigation\/28716\/layers&quot;,&quot;link&quot;:&quot;\/r\/frais\/vegetal\/boissons-vegetales\/boisson-vegetale-amande&quot;},{&quot;name&quot;:&quot;Boisson v\u00e9g\u00e9tale soja&quot;,&quot;code&quot;:&quot;R06F08SF02SS02&quot;,&quot;id&quot;:&quot;28717&quot;,&quot;type&quot;:&quot;RAYON&quot;,&quot;picto&quot;:null,&quot;level&quot;:4,&quot;sellerId&quot;:null,&quot;slug&quot;:&quot;boisson-vegetale-soja&quot;,&quot;selected&quot;:false,&quot;children&quot;:null,&quot;layers&quot;:&quot;\/navigation\/28717\/layers&quot;,&quot;link&quot;:&quot;\/r\/frais\/vegetal\/boissons-vegetales\/boisson-vegetale-soja&quot;},{&quot;name&quot;:&quot;Boisson v\u00e9g\u00e9tale riz&quot;,&quot;code&quot;:&quot;R06F08SF02SS03&quot;,&quot;id&quot;:&quot;28718&quot;,&quot;type&quot;:&quot;RAYON&quot;,&quot;picto&quot;:null,&quot;level&quot;:4,&quot;sellerId&quot;:null,&quot;slug&quot;:&quot;boisson-vegetale-riz&quot;,&quot;selected&quot;:false,&quot;children&quot;:null,&quot;layers&quot;:&quot;\/navigation\/28718\/layers&quot;,&quot;link&quot;:&quot;\/r\/frais\/vegetal\/boissons-vegetales\/boisson-vegetale-riz&quot;},{&quot;name&quot;:&quot;Boisson v\u00e9g\u00e9tale avoine&quot;,&quot;code&quot;:&quot;R06F08SF02SS04&quot;,&quot;id&quot;:&quot;28719&quot;,&quot;type&quot;:&quot;RAYON&quot;,&quot;picto&quot;:null,&quot;level&quot;:4,&quot;sellerId&quot;:null,&quot;slug&quot;:&quot;boisson-vegetale-avoine&quot;,&quot;selected&quot;:false,&quot;children&quot;:null,&quot;layers&quot;:&quot;\/navigation\/28719\/layers&quot;,&quot;link&quot;:&quot;\/r\/frais\/vegetal\/boissons-vegetales\/boisson-vegetale-avoine&quot;},{&quot;name&quot;:&quot;Boisson v\u00e9g\u00e9tale noisette&quot;,&quot;code&quot;:&quot;R06F08SF02SS05&quot;,&quot;id&quot;:&quot;28720&quot;,&quot;type&quot;:&quot;RAYON&quot;,&quot;picto&quot;:null,&quot;level&quot;:4,&quot;sellerId&quot;:null,&quot;slug&quot;:&quot;boisson-vegetale-noisette&quot;,&quot;selected&quot;:false,&quot;children&quot;:null,&quot;layers&quot;:&quot;\/navigation\/28720\/layers&quot;,&quot;link&quot;:&quot;\/r\/frais\/vegetal\/boissons-vegetales\/boisson-vegetale-noisette&quot;},{&quot;name&quot;:&quot;Boisson v\u00e9g\u00e9tale coco&quot;,&quot;code&quot;:&quot;R06F08SF02SS06&quot;,&quot;id&quot;:&quot;28721&quot;,&quot;type&quot;:&quot;RAYON&quot;,&quot;picto&quot;:null,&quot;level&quot;:4,&quot;sellerId&quot;:null,&quot;slug&quot;:&quot;boisson-vegetale-coco&quot;,&quot;selected&quot;:false,&quot;children&quot;:null,&quot;layers&quot;:&quot;\/navigation\/28721\/layers&quot;,&quot;link&quot;:&quot;\/r\/frais\/vegetal\/boissons-vegetales\/boisson-vegetale-coco&quot;},{&quot;name&quot;:&quot;Boisson v\u00e9g\u00e9tale \u00e9peautre &quot;,&quot;code&quot;:&quot;R06F08SF02SS07&quot;,&quot;id&quot;:&quot;28722&quot;,&quot;type&quot;:&quot;RAYON&quot;,&quot;picto&quot;:null,&quot;level&quot;:4,&quot;sellerId&quot;:null,&quot;slug&quot;:&quot;boissons-vegetale-epeautre&quot;,&quot;selected&quot;:false,&quot;children&quot;:null,&quot;layers&quot;:&quot;\/navigation\/28722\/layers&quot;,&quot;link&quot;:&quot;\/r\/frais\/vegetal\/boissons-vegetales\/boissons-vegetale-epeautre&quot;}],&quot;layers&quot;:&quot;\/navigation\/28710\/layers&quot;,&quot;link&quot;:&quot;\/r\/frais\/vegetal\/boissons-vegetales&quot;},{&quot;name&quot;:&quot;Traiteur v\u00e9g\u00e9tal&quot;,&quot;code&quot;:&quot;R06F08SF03&quot;,&quot;id&quot;:&quot;28711&quot;,&quot;type&quot;:&quot;RAYON&quot;,&quot;picto&quot;:null,&quot;level&quot;:3,&quot;sellerId&quot;:null,&quot;slug&quot;:&quot;traiteur-vegetal&quot;,&quot;selected&quot;:false,&quot;children&quot;:[{&quot;name&quot;:&quot;Steaks et Pan\u00e9s v\u00e9g\u00e9taux&quot;,&quot;code&quot;:&quot;R06F08SF03SS01&quot;,&quot;id&quot;:&quot;28728&quot;,&quot;type&quot;:&quot;RAYON&quot;,&quot;picto&quot;:null,&quot;level&quot;:4,&quot;sellerId&quot;:null,&quot;slug&quot;:&quot;steaks-panes-vegetaux&quot;,&quot;selected&quot;:false,&quot;children&quot;:null,&quot;layers&quot;:&quot;\/navigation\/28728\/layers&quot;,&quot;link&quot;:&quot;\/r\/frais\/vegetal\/traiteur-vegetal\/steaks-panes-vegetaux&quot;},{&quot;name&quot;:&quot;Plats cuisin\u00e9s&quot;,&quot;code&quot;:&quot;R06F08SF03SS02&quot;,&quot;id&quot;:&quot;28726&quot;,&quot;type&quot;:&quot;RAYON&quot;,&quot;picto&quot;:null,&quot;level&quot;:4,&quot;sellerId&quot;:null,&quot;slug&quot;:&quot;plats-cuisines&quot;,&quot;selected&quot;:false,&quot;children&quot;:null,&quot;layers&quot;:&quot;\/navigation\/28726\/layers&quot;,&quot;link&quot;:&quot;\/r\/frais\/vegetal\/traiteur-vegetal\/plats-cuisines&quot;},{&quot;name&quot;:&quot;Saucisses v\u00e9g\u00e9tales&quot;,&quot;code&quot;:&quot;R06F08SF03SS03&quot;,&quot;id&quot;:&quot;28727&quot;,&quot;type&quot;:&quot;RAYON&quot;,&quot;picto&quot;:null,&quot;level&quot;:4,&quot;sellerId&quot;:null,&quot;slug&quot;:&quot;saucisses-vegetales&quot;,&quot;selected&quot;:false,&quot;children&quot;:null,&quot;layers&quot;:&quot;\/navigation\/28727\/layers&quot;,&quot;link&quot;:&quot;\/r\/frais\/vegetal\/traiteur-vegetal\/saucisses-vegetales&quot;}],&quot;layers&quot;:&quot;\/navigation\/28711\/layers&quot;,&quot;link&quot;:&quot;\/r\/frais\/vegetal\/traiteur-vegetal&quot;},{&quot;name&quot;:&quot;Aide culinaire&quot;,&quot;code&quot;:&quot;R06F08SF04&quot;,&quot;id&quot;:&quot;28712&quot;,&quot;type&quot;:&quot;RAYON&quot;,&quot;picto&quot;:null,&quot;level&quot;:3,&quot;sellerId&quot;:null,&quot;slug&quot;:&quot;aide-culinaire&quot;,&quot;selected&quot;:false,&quot;children&quot;:null,&quot;layers&quot;:&quot;\/navigation\/28712\/layers&quot;,&quot;link&quot;:&quot;\/r\/frais\/vegetal\/aide-culinaire&quot;}],&quot;layers&quot;:&quot;\/navigation\/28708\/layers&quot;,&quot;link&quot;:&quot;\/r\/frais\/vegetal&quot;}],&quot;layers&quot;:&quot;\/navigation\/28127\/layers&quot;,&quot;link&quot;:&quot;\/r\/frais&quot;},{&quot;name&quot;:&quot;Surgel\u00e9s&quot;,&quot;code&quot;:&quot;R07&quot;,&quot;id&quot;:&quot;2074&quot;,&quot;type&quot;:&quot;RAYON&quot;,&quot;picto&quot;:&quot;https:\/\/media.carrefour.fr\/medias\/5586596a0fc730d5846de9a72d3cea57\/p_96x96\/2074.jpg&quot;,&quot;level&quot;:1,&quot;sellerId&quot;:null,&quot;slug&quot;:&quot;surgeles&quot;,&quot;selected&quot;:false,&quot;children&quot;:[{&quot;name&quot;:&quot;Surgel\u00e9 traiteur et B\u00fbches&quot;,&quot;code&quot;:&quot;R07F01&quot;,&quot;id&quot;:&quot;2099&quot;,&quot;type&quot;:&quot;RAYON&quot;,&quot;picto&quot;:&quot;https:\/\/media.carrefour.fr\/medias\/cc1a945b86a13408842ea6cc862b9efe\/p_96x96\/2099.jpg&quot;,&quot;level&quot;:2,&quot;sellerId&quot;:null,&quot;slug&quot;:&quot;surgele-traiteur&quot;,&quot;selected&quot;:false,&quot;children&quot;:[{&quot;name&quot;:&quot;Ap\u00e9ritifs&quot;,&quot;code&quot;:&quot;R07F01SF01&quot;,&quot;id&quot;:&quot;2100&quot;,&quot;type&quot;:&quot;RAYON&quot;,&quot;picto&quot;:null,&quot;level&quot;:3,&quot;sellerId&quot;:null,&quot;slug&quot;:&quot;aperitifs&quot;,&quot;selected&quot;:false,&quot;children&quot;:null,&quot;layers&quot;:&quot;\/navigation\/2100\/layers&quot;,&quot;link&quot;:&quot;\/r\/surgeles\/surgele-traiteur\/aperitifs&quot;},{&quot;name&quot;:&quot;Entr\u00e9es, Feuillet\u00e9s et Coquilles&quot;,&quot;code&quot;:&quot;R07F01SF02&quot;,&quot;id&quot;:&quot;2101&quot;,&quot;type&quot;:&quot;RAYON&quot;,&quot;picto&quot;:null,&quot;level&quot;:3,&quot;sellerId&quot;:null,&quot;slug&quot;:&quot;entrees-feuilletes-et-coquilles&quot;,&quot;selected&quot;:false,&quot;children&quot;:null,&quot;layers&quot;:&quot;\/navigation\/2101\/layers&quot;,&quot;link&quot;:&quot;\/r\/surgeles\/surgele-traiteur\/entrees-feuilletes-et-coquilles&quot;},{&quot;name&quot;:&quot;B\u00fbches, Viennoiseries et P\u00e2tisseries&quot;,&quot;code&quot;:&quot;R07F01SF03&quot;,&quot;id&quot;:&quot;2103&quot;,&quot;type&quot;:&quot;RAYON&quot;,&quot;picto&quot;:null,&quot;level&quot;:3,&quot;sellerId&quot;:null,&quot;slug&quot;:&quot;pains-viennoiseries-et-patisseries&quot;,&quot;selected&quot;:false,&quot;children&quot;:null,&quot;layers&quot;:&quot;\/navigation\/2103\/layers&quot;,&quot;link&quot;:&quot;\/r\/surgeles\/surgele-traiteur\/pains-viennoiseries-et-patisseries&quot;},{&quot;name&quot;:&quot;Burgers et Snacking&quot;,&quot;code&quot;:&quot;R07F01SF04&quot;,&quot;id&quot;:&quot;2102&quot;,&quot;type&quot;:&quot;RAYON&quot;,&quot;picto&quot;:null,&quot;level&quot;:3,&quot;sellerId&quot;:null,&quot;slug&quot;:&quot;burger-et-snacking&quot;,&quot;selected&quot;:false,&quot;children&quot;:null,&quot;layers&quot;:&quot;\/navigation\/2102\/layers&quot;,&quot;link&quot;:&quot;\/r\/surgeles\/surgele-traiteur\/burger-et-snacking&quot;}],&quot;layers&quot;:&quot;\/navigation\/2099\/layers&quot;,&quot;link&quot;:&quot;\/r\/surgeles\/surgele-traiteur&quot;},{&quot;name&quot;:&quot;Poissons et Crustac\u00e9s&quot;,&quot;code&quot;:&quot;R07F02&quot;,&quot;id&quot;:&quot;2089&quot;,&quot;type&quot;:&quot;RAYON&quot;,&quot;picto&quot;:&quot;https:\/\/media.carrefour.fr\/medias\/6cea453a084c30fe8534a86dc57212aa\/p_96x96\/2089.jpg&quot;,&quot;level&quot;:2,&quot;sellerId&quot;:null,&quot;slug&quot;:&quot;poissons-et-crustaces&quot;,&quot;selected&quot;:false,&quot;children&quot;:[{&quot;name&quot;:&quot;Poissons natures et cuisin\u00e9s&quot;,&quot;code&quot;:&quot;R07F02SF01&quot;,&quot;id&quot;:&quot;2090&quot;,&quot;type&quot;:&quot;RAYON&quot;,&quot;picto&quot;:null,&quot;level&quot;:3,&quot;sellerId&quot;:null,&quot;slug&quot;:&quot;poissons-natures-et-cuisines&quot;,&quot;selected&quot;:false,&quot;children&quot;:null,&quot;layers&quot;:&quot;\/navigation\/2090\/layers&quot;,&quot;link&quot;:&quot;\/r\/surgeles\/poissons-et-crustaces\/poissons-natures-et-cuisines&quot;},{&quot;name&quot;:&quot;Crustac\u00e9s et Mollusques&quot;,&quot;code&quot;:&quot;R07F02SF02&quot;,&quot;id&quot;:&quot;2091&quot;,&quot;type&quot;:&quot;RAYON&quot;,&quot;picto&quot;:null,&quot;level&quot;:3,&quot;sellerId&quot;:null,&quot;slug&quot;:&quot;crustaces-et-mollusques&quot;,&quot;selected&quot;:false,&quot;children&quot;:null,&quot;layers&quot;:&quot;\/navigation\/2091\/layers&quot;,&quot;link&quot;:&quot;\/r\/surgeles\/poissons-et-crustaces\/crustaces-et-mollusques&quot;}],&quot;layers&quot;:&quot;\/navigation\/2089\/layers&quot;,&quot;link&quot;:&quot;\/r\/surgeles\/poissons-et-crustaces&quot;},{&quot;name&quot;:&quot;Plats cuisin\u00e9s&quot;,&quot;code&quot;:&quot;R07F03&quot;,&quot;id&quot;:&quot;2075&quot;,&quot;type&quot;:&quot;RAYON&quot;,&quot;picto&quot;:&quot;https:\/\/media.carrefour.fr\/medias\/3846c27b60153c56a04e56b02bcf2ecd\/p_96x96\/2075.jpg&quot;,&quot;level&quot;:2,&quot;sellerId&quot;:null,&quot;slug&quot;:&quot;plats-cuisines&quot;,&quot;selected&quot;:false,&quot;children&quot;:[{&quot;name&quot;:&quot;Plats de viande et volaille&quot;,&quot;code&quot;:&quot;R07F03SF01&quot;,&quot;id&quot;:&quot;2076&quot;,&quot;type&quot;:&quot;RAYON&quot;,&quot;picto&quot;:null,&quot;level&quot;:3,&quot;sellerId&quot;:null,&quot;slug&quot;:&quot;plats-de-viande-et-volaille&quot;,&quot;selected&quot;:false,&quot;children&quot;:null,&quot;layers&quot;:&quot;\/navigation\/2076\/layers&quot;,&quot;link&quot;:&quot;\/r\/surgeles\/plats-cuisines\/plats-de-viande-et-volaille&quot;},{&quot;name&quot;:&quot;Plats de la mer&quot;,&quot;code&quot;:&quot;R07F03SF02&quot;,&quot;id&quot;:&quot;2077&quot;,&quot;type&quot;:&quot;RAYON&quot;,&quot;picto&quot;:null,&quot;level&quot;:3,&quot;sellerId&quot;:null,&quot;slug&quot;:&quot;plats-de-la-mer&quot;,&quot;selected&quot;:false,&quot;children&quot;:null,&quot;layers&quot;:&quot;\/navigation\/2077\/layers&quot;,&quot;link&quot;:&quot;\/r\/surgeles\/plats-cuisines\/plats-de-la-mer&quot;},{&quot;name&quot;:&quot;Parmentiers, Lasagnes et Gratins&quot;,&quot;code&quot;:&quot;R07F03SF03&quot;,&quot;id&quot;:&quot;2078&quot;,&quot;type&quot;:&quot;RAYON&quot;,&quot;picto&quot;:null,&quot;level&quot;:3,&quot;sellerId&quot;:null,&quot;slug&quot;:&quot;parmentiers-lasagnes-et-gratins&quot;,&quot;selected&quot;:false,&quot;children&quot;:null,&quot;layers&quot;:&quot;\/navigation\/2078\/layers&quot;,&quot;link&quot;:&quot;\/r\/surgeles\/plats-cuisines\/parmentiers-lasagnes-et-gratins&quot;},{&quot;name&quot;:&quot;Po\u00eal\u00e9es de l\u00e9gumes, P\u00e2tes et Pur\u00e9es&quot;,&quot;code&quot;:&quot;R07F03SF04&quot;,&quot;id&quot;:&quot;2079&quot;,&quot;type&quot;:&quot;RAYON&quot;,&quot;picto&quot;:null,&quot;level&quot;:3,&quot;sellerId&quot;:null,&quot;slug&quot;:&quot;poeleespates-et-purees&quot;,&quot;selected&quot;:false,&quot;children&quot;:null,&quot;layers&quot;:&quot;\/navigation\/2079\/layers&quot;,&quot;link&quot;:&quot;\/r\/surgeles\/plats-cuisines\/poeleespates-et-purees&quot;},{&quot;name&quot;:&quot;Quiches et Tartes&quot;,&quot;code&quot;:&quot;R07F03SF05&quot;,&quot;id&quot;:&quot;2080&quot;,&quot;type&quot;:&quot;RAYON&quot;,&quot;picto&quot;:null,&quot;level&quot;:3,&quot;sellerId&quot;:null,&quot;slug&quot;:&quot;quiches-et-tartes&quot;,&quot;selected&quot;:false,&quot;children&quot;:null,&quot;layers&quot;:&quot;\/navigation\/2080\/layers&quot;,&quot;link&quot;:&quot;\/r\/surgeles\/plats-cuisines\/quiches-et-tartes&quot;}],&quot;layers&quot;:&quot;\/navigation\/2075\/layers&quot;,&quot;link&quot;:&quot;\/r\/surgeles\/plats-cuisines&quot;},{&quot;name&quot;:&quot;Pomme de terre et Frites&quot;,&quot;code&quot;:&quot;R07F04&quot;,&quot;id&quot;:&quot;2096&quot;,&quot;type&quot;:&quot;RAYON&quot;,&quot;picto&quot;:&quot;https:\/\/media.carrefour.fr\/medias\/45a0775222303ed188f7aa90b1bee2c9\/p_96x96\/2096.jpg&quot;,&quot;level&quot;:2,&quot;sellerId&quot;:null,&quot;slug&quot;:&quot;pomme-de-terre-et-frites&quot;,&quot;selected&quot;:false,&quot;children&quot;:[{&quot;name&quot;:&quot;Frites&quot;,&quot;code&quot;:&quot;R07F04SF01&quot;,&quot;id&quot;:&quot;2097&quot;,&quot;type&quot;:&quot;RAYON&quot;,&quot;picto&quot;:null,&quot;level&quot;:3,&quot;sellerId&quot;:null,&quot;slug&quot;:&quot;frites&quot;,&quot;selected&quot;:false,&quot;children&quot;:null,&quot;layers&quot;:&quot;\/navigation\/2097\/layers&quot;,&quot;link&quot;:&quot;\/r\/surgeles\/pomme-de-terre-et-frites\/frites&quot;},{&quot;name&quot;:&quot;Pommes rissol\u00e9es, noisettes et rostis&quot;,&quot;code&quot;:&quot;R07F04SF02&quot;,&quot;id&quot;:&quot;2098&quot;,&quot;type&quot;:&quot;RAYON&quot;,&quot;picto&quot;:null,&quot;level&quot;:3,&quot;sellerId&quot;:null,&quot;slug&quot;:&quot;pommes-rissolees-noisettes-et-rostis&quot;,&quot;selected&quot;:false,&quot;children&quot;:null,&quot;layers&quot;:&quot;\/navigation\/2098\/layers&quot;,&quot;link&quot;:&quot;\/r\/surgeles\/pomme-de-terre-et-frites\/pommes-rissolees-noisettes-et-rostis&quot;}],&quot;layers&quot;:&quot;\/navigation\/2096\/layers&quot;,&quot;link&quot;:&quot;\/r\/surgeles\/pomme-de-terre-et-frites&quot;},{&quot;name&quot;:&quot;L\u00e9gumes et Fruits&quot;,&quot;code&quot;:&quot;R07F05&quot;,&quot;id&quot;:&quot;2092&quot;,&quot;type&quot;:&quot;RAYON&quot;,&quot;picto&quot;:&quot;https:\/\/media.carrefour.fr\/medias\/ab4d8e1c03ba3c32907900615981464b\/p_96x96\/2092.jpg&quot;,&quot;level&quot;:2,&quot;sellerId&quot;:null,&quot;slug&quot;:&quot;legumes-et-fruits&quot;,&quot;selected&quot;:false,&quot;children&quot;:[{&quot;name&quot;:&quot;L\u00e9gumes natures&quot;,&quot;code&quot;:&quot;R07F05SF01&quot;,&quot;id&quot;:&quot;2093&quot;,&quot;type&quot;:&quot;RAYON&quot;,&quot;picto&quot;:null,&quot;level&quot;:3,&quot;sellerId&quot;:null,&quot;slug&quot;:&quot;legumes-natures&quot;,&quot;selected&quot;:false,&quot;children&quot;:null,&quot;layers&quot;:&quot;\/navigation\/2093\/layers&quot;,&quot;link&quot;:&quot;\/r\/surgeles\/legumes-et-fruits\/legumes-natures&quot;},{&quot;name&quot;:&quot;Fruits et Coulis&quot;,&quot;code&quot;:&quot;R07F05SF02&quot;,&quot;id&quot;:&quot;2094&quot;,&quot;type&quot;:&quot;RAYON&quot;,&quot;picto&quot;:null,&quot;level&quot;:3,&quot;sellerId&quot;:null,&quot;slug&quot;:&quot;fruits-et-coulis&quot;,&quot;selected&quot;:false,&quot;children&quot;:null,&quot;layers&quot;:&quot;\/navigation\/2094\/layers&quot;,&quot;link&quot;:&quot;\/r\/surgeles\/legumes-et-fruits\/fruits-et-coulis&quot;},{&quot;name&quot;:&quot;Herbes aromatiques et Sauces&quot;,&quot;code&quot;:&quot;R07F05SF03&quot;,&quot;id&quot;:&quot;2095&quot;,&quot;type&quot;:&quot;RAYON&quot;,&quot;picto&quot;:null,&quot;level&quot;:3,&quot;sellerId&quot;:null,&quot;slug&quot;:&quot;herbes-aromatiques-et-sauces&quot;,&quot;selected&quot;:false,&quot;children&quot;:null,&quot;layers&quot;:&quot;\/navigation\/2095\/layers&quot;,&quot;link&quot;:&quot;\/r\/surgeles\/legumes-et-fruits\/herbes-aromatiques-et-sauces&quot;}],&quot;layers&quot;:&quot;\/navigation\/2092\/layers&quot;,&quot;link&quot;:&quot;\/r\/surgeles\/legumes-et-fruits&quot;},{&quot;name&quot;:&quot;Viande et Volaille&quot;,&quot;code&quot;:&quot;R07F06&quot;,&quot;id&quot;:&quot;2081&quot;,&quot;type&quot;:&quot;RAYON&quot;,&quot;picto&quot;:&quot;https:\/\/media.carrefour.fr\/medias\/9f611ddec308352a99f830f823eac655\/p_96x96\/2081.jpg&quot;,&quot;level&quot;:2,&quot;sellerId&quot;:null,&quot;slug&quot;:&quot;viande-et-volaille&quot;,&quot;selected&quot;:false,&quot;children&quot;:[{&quot;name&quot;:&quot;Steaks hach\u00e9s&quot;,&quot;code&quot;:&quot;R07F06SF01&quot;,&quot;id&quot;:&quot;2082&quot;,&quot;type&quot;:&quot;RAYON&quot;,&quot;picto&quot;:null,&quot;level&quot;:3,&quot;sellerId&quot;:null,&quot;slug&quot;:&quot;steaks-haches&quot;,&quot;selected&quot;:false,&quot;children&quot;:null,&quot;layers&quot;:&quot;\/navigation\/2082\/layers&quot;,&quot;link&quot;:&quot;\/r\/surgeles\/viande-et-volaille\/steaks-haches&quot;},{&quot;name&quot;:&quot;Viande hach\u00e9e et Boulettes&quot;,&quot;code&quot;:&quot;R07F06SF02&quot;,&quot;id&quot;:&quot;2083&quot;,&quot;type&quot;:&quot;RAYON&quot;,&quot;picto&quot;:null,&quot;level&quot;:3,&quot;sellerId&quot;:null,&quot;slug&quot;:&quot;viande-hachee-et-boulettes&quot;,&quot;selected&quot;:false,&quot;children&quot;:null,&quot;layers&quot;:&quot;\/navigation\/2083\/layers&quot;,&quot;link&quot;:&quot;\/r\/surgeles\/viande-et-volaille\/viande-hachee-et-boulettes&quot;},{&quot;name&quot;:&quot;Volailles&quot;,&quot;code&quot;:&quot;R07F06SF03&quot;,&quot;id&quot;:&quot;2085&quot;,&quot;type&quot;:&quot;RAYON&quot;,&quot;picto&quot;:null,&quot;level&quot;:3,&quot;sellerId&quot;:null,&quot;slug&quot;:&quot;volailles&quot;,&quot;selected&quot;:false,&quot;children&quot;:null,&quot;layers&quot;:&quot;\/navigation\/2085\/layers&quot;,&quot;link&quot;:&quot;\/r\/surgeles\/viande-et-volaille\/volailles&quot;},{&quot;name&quot;:&quot;Autres viandes&quot;,&quot;code&quot;:&quot;R07F06SF04&quot;,&quot;id&quot;:&quot;2084&quot;,&quot;type&quot;:&quot;RAYON&quot;,&quot;picto&quot;:null,&quot;level&quot;:3,&quot;sellerId&quot;:null,&quot;slug&quot;:&quot;autres-viandes&quot;,&quot;selected&quot;:false,&quot;children&quot;:null,&quot;layers&quot;:&quot;\/navigation\/2084\/layers&quot;,&quot;link&quot;:&quot;\/r\/surgeles\/viande-et-volaille\/autres-viandes&quot;}],&quot;layers&quot;:&quot;\/navigation\/2081\/layers&quot;,&quot;link&quot;:&quot;\/r\/surgeles\/viande-et-volaille&quot;},{&quot;name&quot;:&quot;Pan\u00e9s&quot;,&quot;code&quot;:&quot;R07F07&quot;,&quot;id&quot;:&quot;2086&quot;,&quot;type&quot;:&quot;RAYON&quot;,&quot;picto&quot;:&quot;https:\/\/media.carrefour.fr\/medias\/8f1bccd94a823a9ca4bf6dd8e22e7c1e\/p_96x96\/2086.jpg&quot;,&quot;level&quot;:2,&quot;sellerId&quot;:null,&quot;slug&quot;:&quot;panes&quot;,&quot;selected&quot;:false,&quot;children&quot;:[{&quot;name&quot;:&quot;Volaille pan\u00e9e&quot;,&quot;code&quot;:&quot;R07F07SF01&quot;,&quot;id&quot;:&quot;2087&quot;,&quot;type&quot;:&quot;RAYON&quot;,&quot;picto&quot;:null,&quot;level&quot;:3,&quot;sellerId&quot;:null,&quot;slug&quot;:&quot;volaille-panee&quot;,&quot;selected&quot;:false,&quot;children&quot;:null,&quot;layers&quot;:&quot;\/navigation\/2087\/layers&quot;,&quot;link&quot;:&quot;\/r\/surgeles\/panes\/volaille-panee&quot;},{&quot;name&quot;:&quot;Poisson pan\u00e9&quot;,&quot;code&quot;:&quot;R07F07SF02&quot;,&quot;id&quot;:&quot;2088&quot;,&quot;type&quot;:&quot;RAYON&quot;,&quot;picto&quot;:null,&quot;level&quot;:3,&quot;sellerId&quot;:null,&quot;slug&quot;:&quot;poisson-pane&quot;,&quot;selected&quot;:false,&quot;children&quot;:null,&quot;layers&quot;:&quot;\/navigation\/2088\/layers&quot;,&quot;link&quot;:&quot;\/r\/surgeles\/panes\/poisson-pane&quot;}],&quot;layers&quot;:&quot;\/navigation\/2086\/layers&quot;,&quot;link&quot;:&quot;\/r\/surgeles\/panes&quot;},{&quot;name&quot;:&quot;Pizzas&quot;,&quot;code&quot;:&quot;R07F08&quot;,&quot;id&quot;:&quot;2111&quot;,&quot;type&quot;:&quot;RAYON&quot;,&quot;picto&quot;:&quot;https:\/\/media.carrefour.fr\/medias\/c98c3e6057713124862281fe45ba61d4\/p_96x96\/2111.jpg&quot;,&quot;level&quot;:2,&quot;sellerId&quot;:null,&quot;slug&quot;:&quot;pizzas&quot;,&quot;selected&quot;:false,&quot;children&quot;:null,&quot;layers&quot;:&quot;\/navigation\/2111\/layers&quot;,&quot;link&quot;:&quot;\/r\/surgeles\/pizzas&quot;},{&quot;name&quot;:&quot;Glaces et Sorbets&quot;,&quot;code&quot;:&quot;R07F09&quot;,&quot;id&quot;:&quot;2104&quot;,&quot;type&quot;:&quot;RAYON&quot;,&quot;picto&quot;:&quot;https:\/\/media.carrefour.fr\/medias\/cbdb1f55420f3271bd62e592dc601ca7\/p_96x96\/2104.jpg&quot;,&quot;level&quot;:2,&quot;sellerId&quot;:null,&quot;slug&quot;:&quot;glaces-et-sorbets&quot;,&quot;selected&quot;:false,&quot;children&quot;:[{&quot;name&quot;:&quot;Cr\u00e8mes glac\u00e9es et Sorbets en bac&quot;,&quot;code&quot;:&quot;R07F09SF01&quot;,&quot;id&quot;:&quot;2105&quot;,&quot;type&quot;:&quot;RAYON&quot;,&quot;picto&quot;:null,&quot;level&quot;:3,&quot;sellerId&quot;:null,&quot;slug&quot;:&quot;cremes-glacees-et-sorbets-en-bac&quot;,&quot;selected&quot;:false,&quot;children&quot;:null,&quot;layers&quot;:&quot;\/navigation\/2105\/layers&quot;,&quot;link&quot;:&quot;\/r\/surgeles\/glaces-et-sorbets\/cremes-glacees-et-sorbets-en-bac&quot;},{&quot;name&quot;:&quot;Glaces en pot&quot;,&quot;code&quot;:&quot;R07F09SF02&quot;,&quot;id&quot;:&quot;2106&quot;,&quot;type&quot;:&quot;RAYON&quot;,&quot;picto&quot;:null,&quot;level&quot;:3,&quot;sellerId&quot;:null,&quot;slug&quot;:&quot;glaces-en-pot&quot;,&quot;selected&quot;:false,&quot;children&quot;:null,&quot;layers&quot;:&quot;\/navigation\/2106\/layers&quot;,&quot;link&quot;:&quot;\/r\/surgeles\/glaces-et-sorbets\/glaces-en-pot&quot;},{&quot;name&quot;:&quot;B\u00e2tonnets et Barres&quot;,&quot;code&quot;:&quot;R07F09SF03&quot;,&quot;id&quot;:&quot;2107&quot;,&quot;type&quot;:&quot;RAYON&quot;,&quot;picto&quot;:null,&quot;level&quot;:3,&quot;sellerId&quot;:null,&quot;slug&quot;:&quot;batonnets-et-barres&quot;,&quot;selected&quot;:false,&quot;children&quot;:null,&quot;layers&quot;:&quot;\/navigation\/2107\/layers&quot;,&quot;link&quot;:&quot;\/r\/surgeles\/glaces-et-sorbets\/batonnets-et-barres&quot;},{&quot;name&quot;:&quot;C\u00f4nes&quot;,&quot;code&quot;:&quot;R07F09SF04&quot;,&quot;id&quot;:&quot;2108&quot;,&quot;type&quot;:&quot;RAYON&quot;,&quot;picto&quot;:null,&quot;level&quot;:3,&quot;sellerId&quot;:null,&quot;slug&quot;:&quot;cones&quot;,&quot;selected&quot;:false,&quot;children&quot;:null,&quot;layers&quot;:&quot;\/navigation\/2108\/layers&quot;,&quot;link&quot;:&quot;\/r\/surgeles\/glaces-et-sorbets\/cones&quot;},{&quot;name&quot;:&quot;Minis (pots, c\u00f4nes, b\u00e2tonnets)&quot;,&quot;code&quot;:&quot;R07F09SF05&quot;,&quot;id&quot;:&quot;2109&quot;,&quot;type&quot;:&quot;RAYON&quot;,&quot;picto&quot;:null,&quot;level&quot;:3,&quot;sellerId&quot;:null,&quot;slug&quot;:&quot;minis-pots-cones-batonnets&quot;,&quot;selected&quot;:false,&quot;children&quot;:null,&quot;layers&quot;:&quot;\/navigation\/2109\/layers&quot;,&quot;link&quot;:&quot;\/r\/surgeles\/glaces-et-sorbets\/minis-pots-cones-batonnets&quot;},{&quot;name&quot;:&quot;Glaces enfant&quot;,&quot;code&quot;:&quot;R07F09SF06&quot;,&quot;id&quot;:&quot;2110&quot;,&quot;type&quot;:&quot;RAYON&quot;,&quot;picto&quot;:null,&quot;level&quot;:3,&quot;sellerId&quot;:null,&quot;slug&quot;:&quot;glaces-enfant&quot;,&quot;selected&quot;:false,&quot;children&quot;:null,&quot;layers&quot;:&quot;\/navigation\/2110\/layers&quot;,&quot;link&quot;:&quot;\/r\/surgeles\/glaces-et-sorbets\/glaces-enfant&quot;}],&quot;layers&quot;:&quot;\/navigation\/2104\/layers&quot;,&quot;link&quot;:&quot;\/r\/surgeles\/glaces-et-sorbets&quot;}],&quot;layers&quot;:&quot;\/navigation\/2074\/layers&quot;,&quot;link&quot;:&quot;\/r\/surgeles&quot;},{&quot;name&quot;:&quot;Epicerie sal\u00e9e&quot;,&quot;code&quot;:&quot;R08&quot;,&quot;id&quot;:&quot;2112&quot;,&quot;type&quot;:&quot;RAYON&quot;,&quot;picto&quot;:&quot;https:\/\/media.carrefour.fr\/medias\/e4d537e30ae43902b93147c989d2ad02\/p_96x96\/2112.jpg&quot;,&quot;level&quot;:1,&quot;sellerId&quot;:null,&quot;slug&quot;:&quot;epicerie-salee&quot;,&quot;selected&quot;:false,&quot;children&quot;:[{&quot;name&quot;:&quot;Conserves, Bocaux et Foies gras&quot;,&quot;code&quot;:&quot;R08F01&quot;,&quot;id&quot;:&quot;2132&quot;,&quot;type&quot;:&quot;RAYON&quot;,&quot;picto&quot;:&quot;https:\/\/media.carrefour.fr\/medias\/a98f11bcabc2362991b1a0d9bf2d9621\/p_96x96\/2132.jpg&quot;,&quot;level&quot;:2,&quot;sellerId&quot;:null,&quot;slug&quot;:&quot;conserves-et-bocaux&quot;,&quot;selected&quot;:false,&quot;children&quot;:[{&quot;name&quot;:&quot;P\u00e2t\u00e9s et Foies gras&quot;,&quot;code&quot;:&quot;R08F01SF01&quot;,&quot;id&quot;:&quot;2142&quot;,&quot;type&quot;:&quot;RAYON&quot;,&quot;picto&quot;:null,&quot;level&quot;:3,&quot;sellerId&quot;:null,&quot;slug&quot;:&quot;pates-et-foies-gras&quot;,&quot;selected&quot;:false,&quot;children&quot;:null,&quot;layers&quot;:&quot;\/navigation\/2142\/layers&quot;,&quot;link&quot;:&quot;\/r\/epicerie-salee\/conserves-et-bocaux\/pates-et-foies-gras&quot;},{&quot;name&quot;:&quot;Ma\u00efs, Asperges, Palmiers...&quot;,&quot;code&quot;:&quot;R08F01SF02&quot;,&quot;id&quot;:&quot;2133&quot;,&quot;type&quot;:&quot;RAYON&quot;,&quot;picto&quot;:null,&quot;level&quot;:3,&quot;sellerId&quot;:null,&quot;slug&quot;:&quot;mais-asperges-palmiers&quot;,&quot;selected&quot;:false,&quot;children&quot;:null,&quot;layers&quot;:&quot;\/navigation\/2133\/layers&quot;,&quot;link&quot;:&quot;\/r\/epicerie-salee\/conserves-et-bocaux\/mais-asperges-palmiers&quot;},{&quot;name&quot;:&quot;Mac\u00e9doines, Ratatouilles et Autres m\u00e9langes de l\u00e9gumes&quot;,&quot;code&quot;:&quot;R08F01SF03&quot;,&quot;id&quot;:&quot;2134&quot;,&quot;type&quot;:&quot;RAYON&quot;,&quot;picto&quot;:null,&quot;level&quot;:3,&quot;sellerId&quot;:null,&quot;slug&quot;:&quot;macedoines-ratatouille-et-autres-melanges-de-legumes&quot;,&quot;selected&quot;:false,&quot;children&quot;:null,&quot;layers&quot;:&quot;\/navigation\/2134\/layers&quot;,&quot;link&quot;:&quot;\/r\/epicerie-salee\/conserves-et-bocaux\/macedoines-ratatouille-et-autres-melanges-de-legumes&quot;},{&quot;name&quot;:&quot;Champignons et Tomates&quot;,&quot;code&quot;:&quot;R08F01SF04&quot;,&quot;id&quot;:&quot;2135&quot;,&quot;type&quot;:&quot;RAYON&quot;,&quot;picto&quot;:null,&quot;level&quot;:3,&quot;sellerId&quot;:null,&quot;slug&quot;:&quot;champignons-et-tomates&quot;,&quot;selected&quot;:false,&quot;children&quot;:null,&quot;layers&quot;:&quot;\/navigation\/2135\/layers&quot;,&quot;link&quot;:&quot;\/r\/epicerie-salee\/conserves-et-bocaux\/champignons-et-tomates&quot;},{&quot;name&quot;:&quot;L\u00e9gumes verts&quot;,&quot;code&quot;:&quot;R08F01SF05&quot;,&quot;id&quot;:&quot;2136&quot;,&quot;type&quot;:&quot;RAYON&quot;,&quot;picto&quot;:null,&quot;level&quot;:3,&quot;sellerId&quot;:null,&quot;slug&quot;:&quot;legumes-verts&quot;,&quot;selected&quot;:false,&quot;children&quot;:null,&quot;layers&quot;:&quot;\/navigation\/2136\/layers&quot;,&quot;link&quot;:&quot;\/r\/epicerie-salee\/conserves-et-bocaux\/legumes-verts&quot;},{&quot;name&quot;:&quot;Lentilles et L\u00e9gumes secs&quot;,&quot;code&quot;:&quot;R08F01SF06&quot;,&quot;id&quot;:&quot;2137&quot;,&quot;type&quot;:&quot;RAYON&quot;,&quot;picto&quot;:null,&quot;level&quot;:3,&quot;sellerId&quot;:null,&quot;slug&quot;:&quot;lentilles-et-legumes-secs&quot;,&quot;selected&quot;:false,&quot;children&quot;:null,&quot;layers&quot;:&quot;\/navigation\/2137\/layers&quot;,&quot;link&quot;:&quot;\/r\/epicerie-salee\/conserves-et-bocaux\/lentilles-et-legumes-secs&quot;},{&quot;name&quot;:&quot;Autres l\u00e9gumes&quot;,&quot;code&quot;:&quot;R08F01SF07&quot;,&quot;id&quot;:&quot;2138&quot;,&quot;type&quot;:&quot;RAYON&quot;,&quot;picto&quot;:null,&quot;level&quot;:3,&quot;sellerId&quot;:null,&quot;slug&quot;:&quot;autres-legumes&quot;,&quot;selected&quot;:false,&quot;children&quot;:null,&quot;layers&quot;:&quot;\/navigation\/2138\/layers&quot;,&quot;link&quot;:&quot;\/r\/epicerie-salee\/conserves-et-bocaux\/autres-legumes&quot;},{&quot;name&quot;:&quot;Thon&quot;,&quot;code&quot;:&quot;R08F01SF08&quot;,&quot;id&quot;:&quot;2139&quot;,&quot;type&quot;:&quot;RAYON&quot;,&quot;picto&quot;:null,&quot;level&quot;:3,&quot;sellerId&quot;:null,&quot;slug&quot;:&quot;thon&quot;,&quot;selected&quot;:false,&quot;children&quot;:null,&quot;layers&quot;:&quot;\/navigation\/2139\/layers&quot;,&quot;link&quot;:&quot;\/r\/epicerie-salee\/conserves-et-bocaux\/thon&quot;},{&quot;name&quot;:&quot;Sardines et Maquereaux&quot;,&quot;code&quot;:&quot;R08F01SF09&quot;,&quot;id&quot;:&quot;2140&quot;,&quot;type&quot;:&quot;RAYON&quot;,&quot;picto&quot;:null,&quot;level&quot;:3,&quot;sellerId&quot;:null,&quot;slug&quot;:&quot;sardines-et-maquereaux&quot;,&quot;selected&quot;:false,&quot;children&quot;:null,&quot;layers&quot;:&quot;\/navigation\/2140\/layers&quot;,&quot;link&quot;:&quot;\/r\/epicerie-salee\/conserves-et-bocaux\/sardines-et-maquereaux&quot;},{&quot;name&quot;:&quot;Salades, Rillettes et Autres poissons&quot;,&quot;code&quot;:&quot;R08F01SF10&quot;,&quot;id&quot;:&quot;2141&quot;,&quot;type&quot;:&quot;RAYON&quot;,&quot;picto&quot;:null,&quot;level&quot;:3,&quot;sellerId&quot;:null,&quot;slug&quot;:&quot;salades-rillettes-et-autres-poissons&quot;,&quot;selected&quot;:false,&quot;children&quot;:null,&quot;layers&quot;:&quot;\/navigation\/2141\/layers&quot;,&quot;link&quot;:&quot;\/r\/epicerie-salee\/conserves-et-bocaux\/salades-rillettes-et-autres-poissons&quot;}],&quot;layers&quot;:&quot;\/navigation\/2132\/layers&quot;,&quot;link&quot;:&quot;\/r\/epicerie-salee\/conserves-et-bocaux&quot;},{&quot;name&quot;:&quot;Pour l&#039;ap\u00e9ritif&quot;,&quot;code&quot;:&quot;R08F02&quot;,&quot;id&quot;:&quot;2118&quot;,&quot;type&quot;:&quot;RAYON&quot;,&quot;picto&quot;:&quot;https:\/\/media.carrefour.fr\/medias\/38ebdf3129a035dbb260e1d9ef175fec\/p_96x96\/2118.jpg&quot;,&quot;level&quot;:2,&quot;sellerId&quot;:null,&quot;slug&quot;:&quot;pour-laperitif&quot;,&quot;selected&quot;:false,&quot;children&quot;:[{&quot;name&quot;:&quot;Chips&quot;,&quot;code&quot;:&quot;R08F02SF01&quot;,&quot;id&quot;:&quot;2119&quot;,&quot;type&quot;:&quot;RAYON&quot;,&quot;picto&quot;:null,&quot;level&quot;:3,&quot;sellerId&quot;:null,&quot;slug&quot;:&quot;chips&quot;,&quot;selected&quot;:false,&quot;children&quot;:[{&quot;name&quot;:&quot;Natures&quot;,&quot;code&quot;:&quot;R08F02SF01SS01&quot;,&quot;id&quot;:&quot;2120&quot;,&quot;type&quot;:&quot;RAYON&quot;,&quot;picto&quot;:null,&quot;level&quot;:4,&quot;sellerId&quot;:null,&quot;slug&quot;:&quot;natures&quot;,&quot;selected&quot;:false,&quot;children&quot;:null,&quot;layers&quot;:&quot;\/navigation\/2120\/layers&quot;,&quot;link&quot;:&quot;\/r\/epicerie-salee\/pour-laperitif\/chips\/natures&quot;},{&quot;name&quot;:&quot;Aromatis\u00e9es&quot;,&quot;code&quot;:&quot;R08F02SF01SS02&quot;,&quot;id&quot;:&quot;2121&quot;,&quot;type&quot;:&quot;RAYON&quot;,&quot;picto&quot;:null,&quot;level&quot;:4,&quot;sellerId&quot;:null,&quot;slug&quot;:&quot;aromatisees&quot;,&quot;selected&quot;:false,&quot;children&quot;:null,&quot;layers&quot;:&quot;\/navigation\/2121\/layers&quot;,&quot;link&quot;:&quot;\/r\/epicerie-salee\/pour-laperitif\/chips\/aromatisees&quot;}],&quot;layers&quot;:&quot;\/navigation\/2119\/layers&quot;,&quot;link&quot;:&quot;\/r\/epicerie-salee\/pour-laperitif\/chips&quot;},{&quot;name&quot;:&quot;Biscuits ap\u00e9ritifs&quot;,&quot;code&quot;:&quot;R08F02SF02&quot;,&quot;id&quot;:&quot;2122&quot;,&quot;type&quot;:&quot;RAYON&quot;,&quot;picto&quot;:null,&quot;level&quot;:3,&quot;sellerId&quot;:null,&quot;slug&quot;:&quot;biscuits-aperitif&quot;,&quot;selected&quot;:false,&quot;children&quot;:null,&quot;layers&quot;:&quot;\/navigation\/2122\/layers&quot;,&quot;link&quot;:&quot;\/r\/epicerie-salee\/pour-laperitif\/biscuits-aperitif&quot;},{&quot;name&quot;:&quot;Cacahu\u00e8tes, Pistaches ...&quot;,&quot;code&quot;:&quot;R08F02SF03&quot;,&quot;id&quot;:&quot;2123&quot;,&quot;type&quot;:&quot;RAYON&quot;,&quot;picto&quot;:null,&quot;level&quot;:3,&quot;sellerId&quot;:null,&quot;slug&quot;:&quot;cacahuetes-pistaches&quot;,&quot;selected&quot;:false,&quot;children&quot;:null,&quot;layers&quot;:&quot;\/navigation\/2123\/layers&quot;,&quot;link&quot;:&quot;\/r\/epicerie-salee\/pour-laperitif\/cacahuetes-pistaches&quot;},{&quot;name&quot;:&quot;Olives et Tartinables&quot;,&quot;code&quot;:&quot;R08F02SF04&quot;,&quot;id&quot;:&quot;2124&quot;,&quot;type&quot;:&quot;RAYON&quot;,&quot;picto&quot;:null,&quot;level&quot;:3,&quot;sellerId&quot;:null,&quot;slug&quot;:&quot;olives-et-tartinables&quot;,&quot;selected&quot;:false,&quot;children&quot;:null,&quot;layers&quot;:&quot;\/navigation\/2124\/layers&quot;,&quot;link&quot;:&quot;\/r\/epicerie-salee\/pour-laperitif\/olives-et-tartinables&quot;},{&quot;name&quot;:&quot;Tuiles et Tortillas&quot;,&quot;code&quot;:&quot;R08F02SF05&quot;,&quot;id&quot;:&quot;2125&quot;,&quot;type&quot;:&quot;RAYON&quot;,&quot;picto&quot;:null,&quot;level&quot;:3,&quot;sellerId&quot;:null,&quot;slug&quot;:&quot;tuiles-et-tortillas&quot;,&quot;selected&quot;:false,&quot;children&quot;:null,&quot;layers&quot;:&quot;\/navigation\/2125\/layers&quot;,&quot;link&quot;:&quot;\/r\/epicerie-salee\/pour-laperitif\/tuiles-et-tortillas&quot;}],&quot;layers&quot;:&quot;\/navigation\/2118\/layers&quot;,&quot;link&quot;:&quot;\/r\/epicerie-salee\/pour-laperitif&quot;},{&quot;name&quot;:&quot;Soupes et Croutons&quot;,&quot;code&quot;:&quot;R08F03&quot;,&quot;id&quot;:&quot;2113&quot;,&quot;type&quot;:&quot;RAYON&quot;,&quot;picto&quot;:&quot;https:\/\/media.carrefour.fr\/medias\/07a6e6e6e7d73e4187cbf34fc8febe7a\/p_96x96\/2113.jpg&quot;,&quot;level&quot;:2,&quot;sellerId&quot;:null,&quot;slug&quot;:&quot;soupes-et-croutons&quot;,&quot;selected&quot;:false,&quot;children&quot;:[{&quot;name&quot;:&quot;Soupes fra\u00eeches&quot;,&quot;code&quot;:&quot;R08F03SF01&quot;,&quot;id&quot;:&quot;2114&quot;,&quot;type&quot;:&quot;RAYON&quot;,&quot;picto&quot;:null,&quot;level&quot;:3,&quot;sellerId&quot;:null,&quot;slug&quot;:&quot;soupes-fraiches&quot;,&quot;selected&quot;:false,&quot;children&quot;:null,&quot;layers&quot;:&quot;\/navigation\/2114\/layers&quot;,&quot;link&quot;:&quot;\/r\/epicerie-salee\/soupes-et-croutons\/soupes-fraiches&quot;},{&quot;name&quot;:&quot;Soupes en brique&quot;,&quot;code&quot;:&quot;R08F03SF02&quot;,&quot;id&quot;:&quot;2115&quot;,&quot;type&quot;:&quot;RAYON&quot;,&quot;picto&quot;:null,&quot;level&quot;:3,&quot;sellerId&quot;:null,&quot;slug&quot;:&quot;soupes-en-brique&quot;,&quot;selected&quot;:false,&quot;children&quot;:null,&quot;layers&quot;:&quot;\/navigation\/2115\/layers&quot;,&quot;link&quot;:&quot;\/r\/epicerie-salee\/soupes-et-croutons\/soupes-en-brique&quot;},{&quot;name&quot;:&quot;Soupes d\u00e9shydrat\u00e9es&quot;,&quot;code&quot;:&quot;R08F03SF03&quot;,&quot;id&quot;:&quot;2116&quot;,&quot;type&quot;:&quot;RAYON&quot;,&quot;picto&quot;:null,&quot;level&quot;:3,&quot;sellerId&quot;:null,&quot;slug&quot;:&quot;soupes-deshydratees&quot;,&quot;selected&quot;:false,&quot;children&quot;:null,&quot;layers&quot;:&quot;\/navigation\/2116\/layers&quot;,&quot;link&quot;:&quot;\/r\/epicerie-salee\/soupes-et-croutons\/soupes-deshydratees&quot;},{&quot;name&quot;:&quot;Cro\u00fbtons&quot;,&quot;code&quot;:&quot;R08F03SF04&quot;,&quot;id&quot;:&quot;2117&quot;,&quot;type&quot;:&quot;RAYON&quot;,&quot;picto&quot;:null,&quot;level&quot;:3,&quot;sellerId&quot;:null,&quot;slug&quot;:&quot;croutons&quot;,&quot;selected&quot;:false,&quot;children&quot;:null,&quot;layers&quot;:&quot;\/navigation\/2117\/layers&quot;,&quot;link&quot;:&quot;\/r\/epicerie-salee\/soupes-et-croutons\/croutons&quot;}],&quot;layers&quot;:&quot;\/navigation\/2113\/layers&quot;,&quot;link&quot;:&quot;\/r\/epicerie-salee\/soupes-et-croutons&quot;},{&quot;name&quot;:&quot;Les plats cuisin\u00e9s&quot;,&quot;code&quot;:&quot;R08F04&quot;,&quot;id&quot;:&quot;2126&quot;,&quot;type&quot;:&quot;RAYON&quot;,&quot;picto&quot;:&quot;https:\/\/media.carrefour.fr\/medias\/38f5e1c7128536d0ba09f59e0b751caa\/p_96x96\/2126.jpg&quot;,&quot;level&quot;:2,&quot;sellerId&quot;:null,&quot;slug&quot;:&quot;les-plats-cuisines&quot;,&quot;selected&quot;:false,&quot;children&quot;:[{&quot;name&quot;:&quot;Plats individuels&quot;,&quot;code&quot;:&quot;R08F04SF01&quot;,&quot;id&quot;:&quot;2127&quot;,&quot;type&quot;:&quot;RAYON&quot;,&quot;picto&quot;:null,&quot;level&quot;:3,&quot;sellerId&quot;:null,&quot;slug&quot;:&quot;plats-individuels&quot;,&quot;selected&quot;:false,&quot;children&quot;:null,&quot;layers&quot;:&quot;\/navigation\/2127\/layers&quot;,&quot;link&quot;:&quot;\/r\/epicerie-salee\/les-plats-cuisines\/plats-individuels&quot;},{&quot;name&quot;:&quot;Raviolis et Cannellonis&quot;,&quot;code&quot;:&quot;R08F04SF02&quot;,&quot;id&quot;:&quot;2128&quot;,&quot;type&quot;:&quot;RAYON&quot;,&quot;picto&quot;:null,&quot;level&quot;:3,&quot;sellerId&quot;:null,&quot;slug&quot;:&quot;raviolis-et-cannellonis&quot;,&quot;selected&quot;:false,&quot;children&quot;:null,&quot;layers&quot;:&quot;\/navigation\/2128\/layers&quot;,&quot;link&quot;:&quot;\/r\/epicerie-salee\/les-plats-cuisines\/raviolis-et-cannellonis&quot;},{&quot;name&quot;:&quot;Couscous et Taboul\u00e9s&quot;,&quot;code&quot;:&quot;R08F04SF03&quot;,&quot;id&quot;:&quot;2129&quot;,&quot;type&quot;:&quot;RAYON&quot;,&quot;picto&quot;:null,&quot;level&quot;:3,&quot;sellerId&quot;:null,&quot;slug&quot;:&quot;couscous-et-taboules&quot;,&quot;selected&quot;:false,&quot;children&quot;:null,&quot;layers&quot;:&quot;\/navigation\/2129\/layers&quot;,&quot;link&quot;:&quot;\/r\/epicerie-salee\/les-plats-cuisines\/couscous-et-taboules&quot;},{&quot;name&quot;:&quot;Cassoulets et Confits&quot;,&quot;code&quot;:&quot;R08F04SF04&quot;,&quot;id&quot;:&quot;2130&quot;,&quot;type&quot;:&quot;RAYON&quot;,&quot;picto&quot;:null,&quot;level&quot;:3,&quot;sellerId&quot;:null,&quot;slug&quot;:&quot;cassoulets-et-confits&quot;,&quot;selected&quot;:false,&quot;children&quot;:null,&quot;layers&quot;:&quot;\/navigation\/2130\/layers&quot;,&quot;link&quot;:&quot;\/r\/epicerie-salee\/les-plats-cuisines\/cassoulets-et-confits&quot;},{&quot;name&quot;:&quot;Choucroutes et Autres plats&quot;,&quot;code&quot;:&quot;R08F04SF05&quot;,&quot;id&quot;:&quot;2131&quot;,&quot;type&quot;:&quot;RAYON&quot;,&quot;picto&quot;:null,&quot;level&quot;:3,&quot;sellerId&quot;:null,&quot;slug&quot;:&quot;choucroutes-et-autres-plats&quot;,&quot;selected&quot;:false,&quot;children&quot;:null,&quot;layers&quot;:&quot;\/navigation\/2131\/layers&quot;,&quot;link&quot;:&quot;\/r\/epicerie-salee\/les-plats-cuisines\/choucroutes-et-autres-plats&quot;}],&quot;layers&quot;:&quot;\/navigation\/2126\/layers&quot;,&quot;link&quot;:&quot;\/r\/epicerie-salee\/les-plats-cuisines&quot;},{&quot;name&quot;:&quot;P\u00e2tes, Riz et F\u00e9culents&quot;,&quot;code&quot;:&quot;R08F05&quot;,&quot;id&quot;:&quot;2143&quot;,&quot;type&quot;:&quot;RAYON&quot;,&quot;picto&quot;:&quot;https:\/\/media.carrefour.fr\/medias\/eb4dcdbd7d683b13ae40f0c1a7b5c8c7\/p_96x96\/2143.jpg&quot;,&quot;level&quot;:2,&quot;sellerId&quot;:null,&quot;slug&quot;:&quot;pates-riz-feculents&quot;,&quot;selected&quot;:false,&quot;children&quot;:[{&quot;name&quot;:&quot;P\u00e2tes&quot;,&quot;code&quot;:&quot;R08F05SF01&quot;,&quot;id&quot;:&quot;2144&quot;,&quot;type&quot;:&quot;RAYON&quot;,&quot;picto&quot;:null,&quot;level&quot;:3,&quot;sellerId&quot;:null,&quot;slug&quot;:&quot;pates&quot;,&quot;selected&quot;:false,&quot;children&quot;:[{&quot;name&quot;:&quot;P\u00e2tes longues: Spaghettis, Tagliatelles, Etc.&quot;,&quot;code&quot;:&quot;R08F05SF01SS01&quot;,&quot;id&quot;:&quot;2145&quot;,&quot;type&quot;:&quot;RAYON&quot;,&quot;picto&quot;:null,&quot;level&quot;:4,&quot;sellerId&quot;:null,&quot;slug&quot;:&quot;pates-longues-spaghettis-tagliatelles-etc&quot;,&quot;selected&quot;:false,&quot;children&quot;:null,&quot;layers&quot;:&quot;\/navigation\/2145\/layers&quot;,&quot;link&quot;:&quot;\/r\/epicerie-salee\/pates-riz-feculents\/pates\/pates-longues-spaghettis-tagliatelles-etc&quot;},{&quot;name&quot;:&quot;P\u00e2tes courtes: Coquillettes, Tortis, Etc.&quot;,&quot;code&quot;:&quot;R08F05SF01SS02&quot;,&quot;id&quot;:&quot;2146&quot;,&quot;type&quot;:&quot;RAYON&quot;,&quot;picto&quot;:null,&quot;level&quot;:4,&quot;sellerId&quot;:null,&quot;slug&quot;:&quot;pates-courtes-coquillettes-tortis-etc&quot;,&quot;selected&quot;:false,&quot;children&quot;:null,&quot;layers&quot;:&quot;\/navigation\/2146\/layers&quot;,&quot;link&quot;:&quot;\/r\/epicerie-salee\/pates-riz-feculents\/pates\/pates-courtes-coquillettes-tortis-etc&quot;},{&quot;name&quot;:&quot;Lasagnes, Crozets et Autres p\u00e2tes&quot;,&quot;code&quot;:&quot;R08F05SF01SS03&quot;,&quot;id&quot;:&quot;2147&quot;,&quot;type&quot;:&quot;RAYON&quot;,&quot;picto&quot;:null,&quot;level&quot;:4,&quot;sellerId&quot;:null,&quot;slug&quot;:&quot;lasagnes-crozets-et-autres-pates&quot;,&quot;selected&quot;:false,&quot;children&quot;:null,&quot;layers&quot;:&quot;\/navigation\/2147\/layers&quot;,&quot;link&quot;:&quot;\/r\/epicerie-salee\/pates-riz-feculents\/pates\/lasagnes-crozets-et-autres-pates&quot;},{&quot;name&quot;:&quot;P\u00e2tes cuisson rapide&quot;,&quot;code&quot;:&quot;R08F05SF01SS04&quot;,&quot;id&quot;:&quot;2148&quot;,&quot;type&quot;:&quot;RAYON&quot;,&quot;picto&quot;:null,&quot;level&quot;:4,&quot;sellerId&quot;:null,&quot;slug&quot;:&quot;pates-cuisson-rapide&quot;,&quot;selected&quot;:false,&quot;children&quot;:null,&quot;layers&quot;:&quot;\/navigation\/2148\/layers&quot;,&quot;link&quot;:&quot;\/r\/epicerie-salee\/pates-riz-feculents\/pates\/pates-cuisson-rapide&quot;},{&quot;name&quot;:&quot;P\u00e2tes sp\u00e9ciales&quot;,&quot;code&quot;:&quot;R08F05SF01SS05&quot;,&quot;id&quot;:&quot;2149&quot;,&quot;type&quot;:&quot;RAYON&quot;,&quot;picto&quot;:null,&quot;level&quot;:4,&quot;sellerId&quot;:null,&quot;slug&quot;:&quot;pates-speciales&quot;,&quot;selected&quot;:false,&quot;children&quot;:null,&quot;layers&quot;:&quot;\/navigation\/2149\/layers&quot;,&quot;link&quot;:&quot;\/r\/epicerie-salee\/pates-riz-feculents\/pates\/pates-speciales&quot;}],&quot;layers&quot;:&quot;\/navigation\/2144\/layers&quot;,&quot;link&quot;:&quot;\/r\/epicerie-salee\/pates-riz-feculents\/pates&quot;},{&quot;name&quot;:&quot;Riz&quot;,&quot;code&quot;:&quot;R08F05SF02&quot;,&quot;id&quot;:&quot;2150&quot;,&quot;type&quot;:&quot;RAYON&quot;,&quot;picto&quot;:null,&quot;level&quot;:3,&quot;sellerId&quot;:null,&quot;slug&quot;:&quot;riz&quot;,&quot;selected&quot;:false,&quot;children&quot;:[{&quot;name&quot;:&quot;Blanc et Complet&quot;,&quot;code&quot;:&quot;R08F05SF02SS01&quot;,&quot;id&quot;:&quot;2151&quot;,&quot;type&quot;:&quot;RAYON&quot;,&quot;picto&quot;:null,&quot;level&quot;:4,&quot;sellerId&quot;:null,&quot;slug&quot;:&quot;blanc-et-riz-complet&quot;,&quot;selected&quot;:false,&quot;children&quot;:null,&quot;layers&quot;:&quot;\/navigation\/2151\/layers&quot;,&quot;link&quot;:&quot;\/r\/epicerie-salee\/pates-riz-feculents\/riz\/blanc-et-riz-complet&quot;},{&quot;name&quot;:&quot;Basmati et Thai&quot;,&quot;code&quot;:&quot;R08F05SF02SS02&quot;,&quot;id&quot;:&quot;2152&quot;,&quot;type&quot;:&quot;RAYON&quot;,&quot;picto&quot;:null,&quot;level&quot;:4,&quot;sellerId&quot;:null,&quot;slug&quot;:&quot;basmati-et-thai&quot;,&quot;selected&quot;:false,&quot;children&quot;:null,&quot;layers&quot;:&quot;\/navigation\/2152\/layers&quot;,&quot;link&quot;:&quot;\/r\/epicerie-salee\/pates-riz-feculents\/riz\/basmati-et-thai&quot;},{&quot;name&quot;:&quot;Risotto et A po\u00ealer&quot;,&quot;code&quot;:&quot;R08F05SF02SS03&quot;,&quot;id&quot;:&quot;2153&quot;,&quot;type&quot;:&quot;RAYON&quot;,&quot;picto&quot;:null,&quot;level&quot;:4,&quot;sellerId&quot;:null,&quot;slug&quot;:&quot;risotto-et-a-poeler&quot;,&quot;selected&quot;:false,&quot;children&quot;:null,&quot;layers&quot;:&quot;\/navigation\/2153\/layers&quot;,&quot;link&quot;:&quot;\/r\/epicerie-salee\/pates-riz-feculents\/riz\/risotto-et-a-poeler&quot;}],&quot;layers&quot;:&quot;\/navigation\/2150\/layers&quot;,&quot;link&quot;:&quot;\/r\/epicerie-salee\/pates-riz-feculents\/riz&quot;},{&quot;name&quot;:&quot;Sachets express et Nouilles instantan\u00e9es&quot;,&quot;code&quot;:&quot;R08F05SF03&quot;,&quot;id&quot;:&quot;2154&quot;,&quot;type&quot;:&quot;RAYON&quot;,&quot;picto&quot;:null,&quot;level&quot;:3,&quot;sellerId&quot;:null,&quot;slug&quot;:&quot;sachet-express-et-nouilles-instantanees&quot;,&quot;selected&quot;:false,&quot;children&quot;:null,&quot;layers&quot;:&quot;\/navigation\/2154\/layers&quot;,&quot;link&quot;:&quot;\/r\/epicerie-salee\/pates-riz-feculents\/sachet-express-et-nouilles-instantanees&quot;},{&quot;name&quot;:&quot;Pur\u00e9es et Polenta&quot;,&quot;code&quot;:&quot;R08F05SF04&quot;,&quot;id&quot;:&quot;2155&quot;,&quot;type&quot;:&quot;RAYON&quot;,&quot;picto&quot;:null,&quot;level&quot;:3,&quot;sellerId&quot;:null,&quot;slug&quot;:&quot;purees-et-polenta&quot;,&quot;selected&quot;:false,&quot;children&quot;:null,&quot;layers&quot;:&quot;\/navigation\/2155\/layers&quot;,&quot;link&quot;:&quot;\/r\/epicerie-salee\/pates-riz-feculents\/purees-et-polenta&quot;},{&quot;name&quot;:&quot;Bl\u00e9, Semoule et L\u00e9gumes secs&quot;,&quot;code&quot;:&quot;R08F05SF05&quot;,&quot;id&quot;:&quot;2156&quot;,&quot;type&quot;:&quot;RAYON&quot;,&quot;picto&quot;:null,&quot;level&quot;:3,&quot;sellerId&quot;:null,&quot;slug&quot;:&quot;ble-semoule-et-legumes-secs&quot;,&quot;selected&quot;:false,&quot;children&quot;:null,&quot;layers&quot;:&quot;\/navigation\/2156\/layers&quot;,&quot;link&quot;:&quot;\/r\/epicerie-salee\/pates-riz-feculents\/ble-semoule-et-legumes-secs&quot;}],&quot;layers&quot;:&quot;\/navigation\/2143\/layers&quot;,&quot;link&quot;:&quot;\/r\/epicerie-salee\/pates-riz-feculents&quot;},{&quot;name&quot;:&quot;Huiles, Vinaigres et Vinaigrettes&quot;,&quot;code&quot;:&quot;R08F06&quot;,&quot;id&quot;:&quot;2157&quot;,&quot;type&quot;:&quot;RAYON&quot;,&quot;picto&quot;:&quot;https:\/\/media.carrefour.fr\/medias\/f3569b3dafbc358aa936ccc7d6d84e3a\/p_96x96\/2157.jpg&quot;,&quot;level&quot;:2,&quot;sellerId&quot;:null,&quot;slug&quot;:&quot;huiles-vinaigres-et-vinaigrettes&quot;,&quot;selected&quot;:false,&quot;children&quot;:[{&quot;name&quot;:&quot;Huiles&quot;,&quot;code&quot;:&quot;R08F06SF01&quot;,&quot;id&quot;:&quot;2158&quot;,&quot;type&quot;:&quot;RAYON&quot;,&quot;picto&quot;:null,&quot;level&quot;:3,&quot;sellerId&quot;:null,&quot;slug&quot;:&quot;huiles&quot;,&quot;selected&quot;:false,&quot;children&quot;:null,&quot;layers&quot;:&quot;\/navigation\/2158\/layers&quot;,&quot;link&quot;:&quot;\/r\/epicerie-salee\/huiles-vinaigres-et-vinaigrettes\/huiles&quot;},{&quot;name&quot;:&quot;Huiles d&#039;olive&quot;,&quot;code&quot;:&quot;R08F06SF02&quot;,&quot;id&quot;:&quot;2159&quot;,&quot;type&quot;:&quot;RAYON&quot;,&quot;picto&quot;:null,&quot;level&quot;:3,&quot;sellerId&quot;:null,&quot;slug&quot;:&quot;huiles-dolive&quot;,&quot;selected&quot;:false,&quot;children&quot;:null,&quot;layers&quot;:&quot;\/navigation\/2159\/layers&quot;,&quot;link&quot;:&quot;\/r\/epicerie-salee\/huiles-vinaigres-et-vinaigrettes\/huiles-dolive&quot;},{&quot;name&quot;:&quot;Vinaigres&quot;,&quot;code&quot;:&quot;R08F06SF03&quot;,&quot;id&quot;:&quot;2160&quot;,&quot;type&quot;:&quot;RAYON&quot;,&quot;picto&quot;:null,&quot;level&quot;:3,&quot;sellerId&quot;:null,&quot;slug&quot;:&quot;vinaigres&quot;,&quot;selected&quot;:false,&quot;children&quot;:null,&quot;layers&quot;:&quot;\/navigation\/2160\/layers&quot;,&quot;link&quot;:&quot;\/r\/epicerie-salee\/huiles-vinaigres-et-vinaigrettes\/vinaigres&quot;},{&quot;name&quot;:&quot;Vinaigrettes, Sauces salades et Jus de citron&quot;,&quot;code&quot;:&quot;R08F06SF04&quot;,&quot;id&quot;:&quot;2161&quot;,&quot;type&quot;:&quot;RAYON&quot;,&quot;picto&quot;:null,&quot;level&quot;:3,&quot;sellerId&quot;:null,&quot;slug&quot;:&quot;vinaigrettes-sauces-salades-et-jus-de-citron&quot;,&quot;selected&quot;:false,&quot;children&quot;:null,&quot;layers&quot;:&quot;\/navigation\/2161\/layers&quot;,&quot;link&quot;:&quot;\/r\/epicerie-salee\/huiles-vinaigres-et-vinaigrettes\/vinaigrettes-sauces-salades-et-jus-de-citron&quot;}],&quot;layers&quot;:&quot;\/navigation\/2157\/layers&quot;,&quot;link&quot;:&quot;\/r\/epicerie-salee\/huiles-vinaigres-et-vinaigrettes&quot;},{&quot;name&quot;:&quot;Sauces et Condiments&quot;,&quot;code&quot;:&quot;R08F07&quot;,&quot;id&quot;:&quot;2162&quot;,&quot;type&quot;:&quot;RAYON&quot;,&quot;picto&quot;:&quot;https:\/\/media.carrefour.fr\/medias\/b00de341d5a33a2c8e1b6a9d8256e410\/p_96x96\/2162.jpg&quot;,&quot;level&quot;:2,&quot;sellerId&quot;:null,&quot;slug&quot;:&quot;sauces-et-condiments&quot;,&quot;selected&quot;:false,&quot;children&quot;:[{&quot;name&quot;:&quot;Ketchup&quot;,&quot;code&quot;:&quot;R08F07SF01&quot;,&quot;id&quot;:&quot;2163&quot;,&quot;type&quot;:&quot;RAYON&quot;,&quot;picto&quot;:null,&quot;level&quot;:3,&quot;sellerId&quot;:null,&quot;slug&quot;:&quot;ketchup&quot;,&quot;selected&quot;:false,&quot;children&quot;:null,&quot;layers&quot;:&quot;\/navigation\/2163\/layers&quot;,&quot;link&quot;:&quot;\/r\/epicerie-salee\/sauces-et-condiments\/ketchup&quot;},{&quot;name&quot;:&quot;Mayonnaises&quot;,&quot;code&quot;:&quot;R08F07SF02&quot;,&quot;id&quot;:&quot;2164&quot;,&quot;type&quot;:&quot;RAYON&quot;,&quot;picto&quot;:null,&quot;level&quot;:3,&quot;sellerId&quot;:null,&quot;slug&quot;:&quot;mayonnaises&quot;,&quot;selected&quot;:false,&quot;children&quot;:null,&quot;layers&quot;:&quot;\/navigation\/2164\/layers&quot;,&quot;link&quot;:&quot;\/r\/epicerie-salee\/sauces-et-condiments\/mayonnaises&quot;},{&quot;name&quot;:&quot;Moutardes&quot;,&quot;code&quot;:&quot;R08F07SF03&quot;,&quot;id&quot;:&quot;2165&quot;,&quot;type&quot;:&quot;RAYON&quot;,&quot;picto&quot;:null,&quot;level&quot;:3,&quot;sellerId&quot;:null,&quot;slug&quot;:&quot;moutardes&quot;,&quot;selected&quot;:false,&quot;children&quot;:null,&quot;layers&quot;:&quot;\/navigation\/2165\/layers&quot;,&quot;link&quot;:&quot;\/r\/epicerie-salee\/sauces-et-condiments\/moutardes&quot;},{&quot;name&quot;:&quot;Sauces froides : BBQ, Burger, B\u00e9arnaise...&quot;,&quot;code&quot;:&quot;R08F07SF04&quot;,&quot;id&quot;:&quot;2166&quot;,&quot;type&quot;:&quot;RAYON&quot;,&quot;picto&quot;:null,&quot;level&quot;:3,&quot;sellerId&quot;:null,&quot;slug&quot;:&quot;sauces-froides-bbq-burger-bearnaise&quot;,&quot;selected&quot;:false,&quot;children&quot;:null,&quot;layers&quot;:&quot;\/navigation\/2166\/layers&quot;,&quot;link&quot;:&quot;\/r\/epicerie-salee\/sauces-et-condiments\/sauces-froides-bbq-burger-bearnaise&quot;},{&quot;name&quot;:&quot;Sauces chaudes : B\u00e9chamel, Curry...&quot;,&quot;code&quot;:&quot;R08F07SF05&quot;,&quot;id&quot;:&quot;2167&quot;,&quot;type&quot;:&quot;RAYON&quot;,&quot;picto&quot;:null,&quot;level&quot;:3,&quot;sellerId&quot;:null,&quot;slug&quot;:&quot;sauces-chaudes-bechamel-curry&quot;,&quot;selected&quot;:false,&quot;children&quot;:null,&quot;layers&quot;:&quot;\/navigation\/2167\/layers&quot;,&quot;link&quot;:&quot;\/r\/epicerie-salee\/sauces-et-condiments\/sauces-chaudes-bechamel-curry&quot;},{&quot;name&quot;:&quot;Sauces pour les p\u00e2tes et le riz&quot;,&quot;code&quot;:&quot;R08F07SF06&quot;,&quot;id&quot;:&quot;2168&quot;,&quot;type&quot;:&quot;RAYON&quot;,&quot;picto&quot;:null,&quot;level&quot;:3,&quot;sellerId&quot;:null,&quot;slug&quot;:&quot;sauces-pour-les-pates-et-le-riz&quot;,&quot;selected&quot;:false,&quot;children&quot;:[{&quot;name&quot;:&quot;Sauces tomates&quot;,&quot;code&quot;:&quot;R08F07SF06SS01&quot;,&quot;id&quot;:&quot;2169&quot;,&quot;type&quot;:&quot;RAYON&quot;,&quot;picto&quot;:null,&quot;level&quot;:4,&quot;sellerId&quot;:null,&quot;slug&quot;:&quot;sauces-tomates&quot;,&quot;selected&quot;:false,&quot;children&quot;:null,&quot;layers&quot;:&quot;\/navigation\/2169\/layers&quot;,&quot;link&quot;:&quot;\/r\/epicerie-salee\/sauces-et-condiments\/sauces-pour-les-pates-et-le-riz\/sauces-tomates&quot;},{&quot;name&quot;:&quot;Sauces pesto&quot;,&quot;code&quot;:&quot;R08F07SF06SS02&quot;,&quot;id&quot;:&quot;2170&quot;,&quot;type&quot;:&quot;RAYON&quot;,&quot;picto&quot;:null,&quot;level&quot;:4,&quot;sellerId&quot;:null,&quot;slug&quot;:&quot;sauces-pesto&quot;,&quot;selected&quot;:false,&quot;children&quot;:null,&quot;layers&quot;:&quot;\/navigation\/2170\/layers&quot;,&quot;link&quot;:&quot;\/r\/epicerie-salee\/sauces-et-condiments\/sauces-pour-les-pates-et-le-riz\/sauces-pesto&quot;},{&quot;name&quot;:&quot;Pulpes et concentr\u00e9s de tomate&quot;,&quot;code&quot;:&quot;R08F07SF06SS03&quot;,&quot;id&quot;:&quot;2171&quot;,&quot;type&quot;:&quot;RAYON&quot;,&quot;picto&quot;:null,&quot;level&quot;:4,&quot;sellerId&quot;:null,&quot;slug&quot;:&quot;pulpes-et-concentres-de-tomate&quot;,&quot;selected&quot;:false,&quot;children&quot;:null,&quot;layers&quot;:&quot;\/navigation\/2171\/layers&quot;,&quot;link&quot;:&quot;\/r\/epicerie-salee\/sauces-et-condiments\/sauces-pour-les-pates-et-le-riz\/pulpes-et-concentres-de-tomate&quot;}],&quot;layers&quot;:&quot;\/navigation\/2168\/layers&quot;,&quot;link&quot;:&quot;\/r\/epicerie-salee\/sauces-et-condiments\/sauces-pour-les-pates-et-le-riz&quot;},{&quot;name&quot;:&quot;Cornichons, olives et condiments&quot;,&quot;code&quot;:&quot;R08F07SF07&quot;,&quot;id&quot;:&quot;2172&quot;,&quot;type&quot;:&quot;RAYON&quot;,&quot;picto&quot;:null,&quot;level&quot;:3,&quot;sellerId&quot;:null,&quot;slug&quot;:&quot;cornichons-olives-et-condiments&quot;,&quot;selected&quot;:false,&quot;children&quot;:null,&quot;layers&quot;:&quot;\/navigation\/2172\/layers&quot;,&quot;link&quot;:&quot;\/r\/epicerie-salee\/sauces-et-condiments\/cornichons-olives-et-condiments&quot;}],&quot;layers&quot;:&quot;\/navigation\/2162\/layers&quot;,&quot;link&quot;:&quot;\/r\/epicerie-salee\/sauces-et-condiments&quot;},{&quot;name&quot;:&quot;Sel, Epices et Bouillons&quot;,&quot;code&quot;:&quot;R08F08&quot;,&quot;id&quot;:&quot;2173&quot;,&quot;type&quot;:&quot;RAYON&quot;,&quot;picto&quot;:&quot;https:\/\/media.carrefour.fr\/medias\/126b59733dd437edb4869e2532f747fd\/p_96x96\/2173.jpg&quot;,&quot;level&quot;:2,&quot;sellerId&quot;:null,&quot;slug&quot;:&quot;sel-epices-et-bouillons&quot;,&quot;selected&quot;:false,&quot;children&quot;:[{&quot;name&quot;:&quot;Sel et Poivre&quot;,&quot;code&quot;:&quot;R08F08SF01&quot;,&quot;id&quot;:&quot;2174&quot;,&quot;type&quot;:&quot;RAYON&quot;,&quot;picto&quot;:null,&quot;level&quot;:3,&quot;sellerId&quot;:null,&quot;slug&quot;:&quot;sel-et-poivre&quot;,&quot;selected&quot;:false,&quot;children&quot;:null,&quot;layers&quot;:&quot;\/navigation\/2174\/layers&quot;,&quot;link&quot;:&quot;\/r\/epicerie-salee\/sel-epices-et-bouillons\/sel-et-poivre&quot;},{&quot;name&quot;:&quot;Epices et Herbes&quot;,&quot;code&quot;:&quot;R08F08SF02&quot;,&quot;id&quot;:&quot;2175&quot;,&quot;type&quot;:&quot;RAYON&quot;,&quot;picto&quot;:null,&quot;level&quot;:3,&quot;sellerId&quot;:null,&quot;slug&quot;:&quot;epices-et-herbes&quot;,&quot;selected&quot;:false,&quot;children&quot;:null,&quot;layers&quot;:&quot;\/navigation\/2175\/layers&quot;,&quot;link&quot;:&quot;\/r\/epicerie-salee\/sel-epices-et-bouillons\/epices-et-herbes&quot;},{&quot;name&quot;:&quot;Bouillons et Fonds de sauce&quot;,&quot;code&quot;:&quot;R08F08SF03&quot;,&quot;id&quot;:&quot;2176&quot;,&quot;type&quot;:&quot;RAYON&quot;,&quot;picto&quot;:null,&quot;level&quot;:3,&quot;sellerId&quot;:null,&quot;slug&quot;:&quot;bouillons-et-fonds-de-sauce&quot;,&quot;selected&quot;:false,&quot;children&quot;:null,&quot;layers&quot;:&quot;\/navigation\/2176\/layers&quot;,&quot;link&quot;:&quot;\/r\/epicerie-salee\/sel-epices-et-bouillons\/bouillons-et-fonds-de-sauce&quot;},{&quot;name&quot;:&quot;F\u00e9cule, Chapelure et Aide culinaire&quot;,&quot;code&quot;:&quot;R08F08SF04&quot;,&quot;id&quot;:&quot;2177&quot;,&quot;type&quot;:&quot;RAYON&quot;,&quot;picto&quot;:null,&quot;level&quot;:3,&quot;sellerId&quot;:null,&quot;slug&quot;:&quot;fecule-chapelure-aide-culinaire&quot;,&quot;selected&quot;:false,&quot;children&quot;:null,&quot;layers&quot;:&quot;\/navigation\/2177\/layers&quot;,&quot;link&quot;:&quot;\/r\/epicerie-salee\/sel-epices-et-bouillons\/fecule-chapelure-aide-culinaire&quot;}],&quot;layers&quot;:&quot;\/navigation\/2173\/layers&quot;,&quot;link&quot;:&quot;\/r\/epicerie-salee\/sel-epices-et-bouillons&quot;},{&quot;name&quot;:&quot;Produits du Monde&quot;,&quot;code&quot;:&quot;R08F09&quot;,&quot;id&quot;:&quot;2178&quot;,&quot;type&quot;:&quot;RAYON&quot;,&quot;picto&quot;:&quot;https:\/\/media.carrefour.fr\/medias\/0c92776fad1039ea871c1bde896bac5c\/p_96x96\/2178.jpg&quot;,&quot;level&quot;:2,&quot;sellerId&quot;:null,&quot;slug&quot;:&quot;produits-du-monde&quot;,&quot;selected&quot;:false,&quot;children&quot;:[{&quot;name&quot;:&quot;M\u00e9diterran\u00e9e&quot;,&quot;code&quot;:&quot;R08F09SF01&quot;,&quot;id&quot;:&quot;2179&quot;,&quot;type&quot;:&quot;RAYON&quot;,&quot;picto&quot;:null,&quot;level&quot;:3,&quot;sellerId&quot;:null,&quot;slug&quot;:&quot;mediterranee&quot;,&quot;selected&quot;:false,&quot;children&quot;:null,&quot;layers&quot;:&quot;\/navigation\/2179\/layers&quot;,&quot;link&quot;:&quot;\/r\/epicerie-salee\/produits-du-monde\/mediterranee&quot;},{&quot;name&quot;:&quot;Tex-Mex et USA&quot;,&quot;code&quot;:&quot;R08F09SF02&quot;,&quot;id&quot;:&quot;2180&quot;,&quot;type&quot;:&quot;RAYON&quot;,&quot;picto&quot;:null,&quot;level&quot;:3,&quot;sellerId&quot;:null,&quot;slug&quot;:&quot;tex-mex-et-usa&quot;,&quot;selected&quot;:false,&quot;children&quot;:null,&quot;layers&quot;:&quot;\/navigation\/2180\/layers&quot;,&quot;link&quot;:&quot;\/r\/epicerie-salee\/produits-du-monde\/tex-mex-et-usa&quot;},{&quot;name&quot;:&quot;Asie&quot;,&quot;code&quot;:&quot;R08F09SF03&quot;,&quot;id&quot;:&quot;2181&quot;,&quot;type&quot;:&quot;RAYON&quot;,&quot;picto&quot;:null,&quot;level&quot;:3,&quot;sellerId&quot;:null,&quot;slug&quot;:&quot;asie&quot;,&quot;selected&quot;:false,&quot;children&quot;:null,&quot;layers&quot;:&quot;\/navigation\/2181\/layers&quot;,&quot;link&quot;:&quot;\/r\/epicerie-salee\/produits-du-monde\/asie&quot;},{&quot;name&quot;:&quot;Halal&quot;,&quot;code&quot;:&quot;R08F09SF04&quot;,&quot;id&quot;:&quot;2182&quot;,&quot;type&quot;:&quot;RAYON&quot;,&quot;picto&quot;:null,&quot;level&quot;:3,&quot;sellerId&quot;:null,&quot;slug&quot;:&quot;halal&quot;,&quot;selected&quot;:false,&quot;children&quot;:null,&quot;layers&quot;:&quot;\/navigation\/2182\/layers&quot;,&quot;link&quot;:&quot;\/r\/epicerie-salee\/produits-du-monde\/halal&quot;},{&quot;name&quot;:&quot;Inde&quot;,&quot;code&quot;:&quot;R08F09SF05&quot;,&quot;id&quot;:&quot;25997&quot;,&quot;type&quot;:&quot;RAYON&quot;,&quot;picto&quot;:null,&quot;level&quot;:3,&quot;sellerId&quot;:null,&quot;slug&quot;:&quot;inde&quot;,&quot;selected&quot;:false,&quot;children&quot;:null,&quot;layers&quot;:&quot;\/navigation\/25997\/layers&quot;,&quot;link&quot;:&quot;\/r\/epicerie-salee\/produits-du-monde\/inde&quot;},{&quot;name&quot;:&quot;Moyen-Orient&quot;,&quot;code&quot;:&quot;R08F09SF06&quot;,&quot;id&quot;:&quot;26863&quot;,&quot;type&quot;:&quot;RAYON&quot;,&quot;picto&quot;:null,&quot;level&quot;:3,&quot;sellerId&quot;:null,&quot;slug&quot;:&quot;moyen-orient&quot;,&quot;selected&quot;:false,&quot;children&quot;:null,&quot;layers&quot;:&quot;\/navigation\/26863\/layers&quot;,&quot;link&quot;:&quot;\/r\/epicerie-salee\/produits-du-monde\/moyen-orient&quot;},{&quot;name&quot;:&quot;Canada&quot;,&quot;code&quot;:&quot;R08F09SF07&quot;,&quot;id&quot;:&quot;26905&quot;,&quot;type&quot;:&quot;RAYON&quot;,&quot;picto&quot;:null,&quot;level&quot;:3,&quot;sellerId&quot;:null,&quot;slug&quot;:&quot;canada&quot;,&quot;selected&quot;:false,&quot;children&quot;:null,&quot;layers&quot;:&quot;\/navigation\/26905\/layers&quot;,&quot;link&quot;:&quot;\/r\/epicerie-salee\/produits-du-monde\/canada&quot;}],&quot;layers&quot;:&quot;\/navigation\/2178\/layers&quot;,&quot;link&quot;:&quot;\/r\/epicerie-salee\/produits-du-monde&quot;},{&quot;name&quot;:&quot;Coffrets&quot;,&quot;code&quot;:&quot;R08F10&quot;,&quot;id&quot;:&quot;26862&quot;,&quot;type&quot;:&quot;RAYON&quot;,&quot;picto&quot;:null,&quot;level&quot;:2,&quot;sellerId&quot;:null,&quot;slug&quot;:&quot;coffrets&quot;,&quot;selected&quot;:false,&quot;children&quot;:null,&quot;layers&quot;:&quot;\/navigation\/26862\/layers&quot;,&quot;link&quot;:&quot;\/r\/epicerie-salee\/coffrets&quot;}],&quot;layers&quot;:&quot;\/navigation\/2112\/layers&quot;,&quot;link&quot;:&quot;\/r\/epicerie-salee&quot;},{&quot;name&quot;:&quot;Epicerie sucr\u00e9e&quot;,&quot;code&quot;:&quot;R09&quot;,&quot;id&quot;:&quot;2183&quot;,&quot;type&quot;:&quot;RAYON&quot;,&quot;picto&quot;:&quot;https:\/\/media.carrefour.fr\/medias\/844bd69b601734e28a6a6071e6595585\/p_96x96\/2183.jpg&quot;,&quot;level&quot;:1,&quot;sellerId&quot;:null,&quot;slug&quot;:&quot;epicerie-sucree&quot;,&quot;selected&quot;:false,&quot;children&quot;:[{&quot;name&quot;:&quot;Chocolats et Bonbons&quot;,&quot;code&quot;:&quot;R09F01&quot;,&quot;id&quot;:&quot;2237&quot;,&quot;type&quot;:&quot;RAYON&quot;,&quot;picto&quot;:&quot;https:\/\/media.carrefour.fr\/medias\/f38e2b8188c034f4ae36cb6c28b8e47e\/p_96x96\/2237.jpg&quot;,&quot;level&quot;:2,&quot;sellerId&quot;:null,&quot;slug&quot;:&quot;chocolats-et-bonbons&quot;,&quot;selected&quot;:false,&quot;children&quot;:[{&quot;name&quot;:&quot;Confiseries chocolat\u00e9es&quot;,&quot;code&quot;:&quot;R09F01SF01&quot;,&quot;id&quot;:&quot;2242&quot;,&quot;type&quot;:&quot;RAYON&quot;,&quot;picto&quot;:null,&quot;level&quot;:3,&quot;sellerId&quot;:null,&quot;slug&quot;:&quot;confiseries-chocolatees&quot;,&quot;selected&quot;:false,&quot;children&quot;:[{&quot;name&quot;:&quot;Rochers et Boites de chocolats&quot;,&quot;code&quot;:&quot;R09F01SF01SS01&quot;,&quot;id&quot;:&quot;2245&quot;,&quot;type&quot;:&quot;RAYON&quot;,&quot;picto&quot;:null,&quot;level&quot;:4,&quot;sellerId&quot;:null,&quot;slug&quot;:&quot;rochers-et-boites-de-chocolats&quot;,&quot;selected&quot;:false,&quot;children&quot;:null,&quot;layers&quot;:&quot;\/navigation\/2245\/layers&quot;,&quot;link&quot;:&quot;\/r\/epicerie-sucree\/chocolats-et-bonbons\/confiseries-chocolatees\/rochers-et-boites-de-chocolats&quot;},{&quot;name&quot;:&quot;Barres chocolat\u00e9es&quot;,&quot;code&quot;:&quot;R09F01SF01SS02&quot;,&quot;id&quot;:&quot;2243&quot;,&quot;type&quot;:&quot;RAYON&quot;,&quot;picto&quot;:null,&quot;level&quot;:4,&quot;sellerId&quot;:null,&quot;slug&quot;:&quot;barres-chocolatees&quot;,&quot;selected&quot;:false,&quot;children&quot;:null,&quot;layers&quot;:&quot;\/navigation\/2243\/layers&quot;,&quot;link&quot;:&quot;\/r\/epicerie-sucree\/chocolats-et-bonbons\/confiseries-chocolatees\/barres-chocolatees&quot;},{&quot;name&quot;:&quot;Billes et Bonbons au chocolat&quot;,&quot;code&quot;:&quot;R09F01SF01SS03&quot;,&quot;id&quot;:&quot;2244&quot;,&quot;type&quot;:&quot;RAYON&quot;,&quot;picto&quot;:null,&quot;level&quot;:4,&quot;sellerId&quot;:null,&quot;slug&quot;:&quot;billes-et-bonbons-au-chocolat&quot;,&quot;selected&quot;:false,&quot;children&quot;:null,&quot;layers&quot;:&quot;\/navigation\/2244\/layers&quot;,&quot;link&quot;:&quot;\/r\/epicerie-sucree\/chocolats-et-bonbons\/confiseries-chocolatees\/billes-et-bonbons-au-chocolat&quot;}],&quot;layers&quot;:&quot;\/navigation\/2242\/layers&quot;,&quot;link&quot;:&quot;\/r\/epicerie-sucree\/chocolats-et-bonbons\/confiseries-chocolatees&quot;},{&quot;name&quot;:&quot;Tablettes de chocolat&quot;,&quot;code&quot;:&quot;R09F01SF02&quot;,&quot;id&quot;:&quot;2238&quot;,&quot;type&quot;:&quot;RAYON&quot;,&quot;picto&quot;:null,&quot;level&quot;:3,&quot;sellerId&quot;:null,&quot;slug&quot;:&quot;tablettes-de-chocolat&quot;,&quot;selected&quot;:false,&quot;children&quot;:[{&quot;name&quot;:&quot;Tablettes chocolat au lait et blanc&quot;,&quot;code&quot;:&quot;R09F01SF02SS01&quot;,&quot;id&quot;:&quot;2239&quot;,&quot;type&quot;:&quot;RAYON&quot;,&quot;picto&quot;:null,&quot;level&quot;:4,&quot;sellerId&quot;:null,&quot;slug&quot;:&quot;tablettes-chocolat-au-lait-et-blanc&quot;,&quot;selected&quot;:false,&quot;children&quot;:null,&quot;layers&quot;:&quot;\/navigation\/2239\/layers&quot;,&quot;link&quot;:&quot;\/r\/epicerie-sucree\/chocolats-et-bonbons\/tablettes-de-chocolat\/tablettes-chocolat-au-lait-et-blanc&quot;},{&quot;name&quot;:&quot;Tablettes chocolat noir&quot;,&quot;code&quot;:&quot;R09F01SF02SS02&quot;,&quot;id&quot;:&quot;2240&quot;,&quot;type&quot;:&quot;RAYON&quot;,&quot;picto&quot;:null,&quot;level&quot;:4,&quot;sellerId&quot;:null,&quot;slug&quot;:&quot;tablettes-chocolat-noir&quot;,&quot;selected&quot;:false,&quot;children&quot;:null,&quot;layers&quot;:&quot;\/navigation\/2240\/layers&quot;,&quot;link&quot;:&quot;\/r\/epicerie-sucree\/chocolats-et-bonbons\/tablettes-de-chocolat\/tablettes-chocolat-noir&quot;},{&quot;name&quot;:&quot;Tablettes chocolat p\u00e2tissier&quot;,&quot;code&quot;:&quot;R09F01SF02SS03&quot;,&quot;id&quot;:&quot;2241&quot;,&quot;type&quot;:&quot;RAYON&quot;,&quot;picto&quot;:null,&quot;level&quot;:4,&quot;sellerId&quot;:null,&quot;slug&quot;:&quot;tablettes-chocolat-patissier&quot;,&quot;selected&quot;:false,&quot;children&quot;:null,&quot;layers&quot;:&quot;\/navigation\/2241\/layers&quot;,&quot;link&quot;:&quot;\/r\/epicerie-sucree\/chocolats-et-bonbons\/tablettes-de-chocolat\/tablettes-chocolat-patissier&quot;}],&quot;layers&quot;:&quot;\/navigation\/2238\/layers&quot;,&quot;link&quot;:&quot;\/r\/epicerie-sucree\/chocolats-et-bonbons\/tablettes-de-chocolat&quot;},{&quot;name&quot;:&quot;Bonbons&quot;,&quot;code&quot;:&quot;R09F01SF03&quot;,&quot;id&quot;:&quot;2246&quot;,&quot;type&quot;:&quot;RAYON&quot;,&quot;picto&quot;:null,&quot;level&quot;:3,&quot;sellerId&quot;:null,&quot;slug&quot;:&quot;bonbons&quot;,&quot;selected&quot;:false,&quot;children&quot;:null,&quot;layers&quot;:&quot;\/navigation\/2246\/layers&quot;,&quot;link&quot;:&quot;\/r\/epicerie-sucree\/chocolats-et-bonbons\/bonbons&quot;},{&quot;name&quot;:&quot;Confiseries de poche&quot;,&quot;code&quot;:&quot;R09F01SF04&quot;,&quot;id&quot;:&quot;2247&quot;,&quot;type&quot;:&quot;RAYON&quot;,&quot;picto&quot;:null,&quot;level&quot;:3,&quot;sellerId&quot;:null,&quot;slug&quot;:&quot;confiseries-de-poche&quot;,&quot;selected&quot;:false,&quot;children&quot;:null,&quot;layers&quot;:&quot;\/navigation\/2247\/layers&quot;,&quot;link&quot;:&quot;\/r\/epicerie-sucree\/chocolats-et-bonbons\/confiseries-de-poche&quot;},{&quot;name&quot;:&quot;Chewings gums&quot;,&quot;code&quot;:&quot;R09F01SF05&quot;,&quot;id&quot;:&quot;2248&quot;,&quot;type&quot;:&quot;RAYON&quot;,&quot;picto&quot;:null,&quot;level&quot;:3,&quot;sellerId&quot;:null,&quot;slug&quot;:&quot;chewings-gums&quot;,&quot;selected&quot;:false,&quot;children&quot;:null,&quot;layers&quot;:&quot;\/navigation\/2248\/layers&quot;,&quot;link&quot;:&quot;\/r\/epicerie-sucree\/chocolats-et-bonbons\/chewings-gums&quot;},{&quot;name&quot;:&quot;Autres confiseries&quot;,&quot;code&quot;:&quot;R09F01SF06&quot;,&quot;id&quot;:&quot;2249&quot;,&quot;type&quot;:&quot;RAYON&quot;,&quot;picto&quot;:null,&quot;level&quot;:3,&quot;sellerId&quot;:null,&quot;slug&quot;:&quot;autres-confiseries&quot;,&quot;selected&quot;:false,&quot;children&quot;:null,&quot;layers&quot;:&quot;\/navigation\/2249\/layers&quot;,&quot;link&quot;:&quot;\/r\/epicerie-sucree\/chocolats-et-bonbons\/autres-confiseries&quot;}],&quot;layers&quot;:&quot;\/navigation\/2237\/layers&quot;,&quot;link&quot;:&quot;\/r\/epicerie-sucree\/chocolats-et-bonbons&quot;},{&quot;name&quot;:&quot;Boissons chaudes&quot;,&quot;code&quot;:&quot;R09F02&quot;,&quot;id&quot;:&quot;2184&quot;,&quot;type&quot;:&quot;RAYON&quot;,&quot;picto&quot;:&quot;https:\/\/media.carrefour.fr\/medias\/eca136a043fc3fe29282ec8b483ff04b\/p_96x96\/2184.jpg&quot;,&quot;level&quot;:2,&quot;sellerId&quot;:null,&quot;slug&quot;:&quot;boissons-chaudes&quot;,&quot;selected&quot;:false,&quot;children&quot;:[{&quot;name&quot;:&quot;Dosettes et Capsules&quot;,&quot;code&quot;:&quot;R09F02SF01&quot;,&quot;id&quot;:&quot;2185&quot;,&quot;type&quot;:&quot;RAYON&quot;,&quot;picto&quot;:null,&quot;level&quot;:3,&quot;sellerId&quot;:null,&quot;slug&quot;:&quot;dosettes-et-capsules&quot;,&quot;selected&quot;:false,&quot;children&quot;:[{&quot;name&quot;:&quot;Compatibles Nespresso&quot;,&quot;code&quot;:&quot;R09F02SF01SS01&quot;,&quot;id&quot;:&quot;2186&quot;,&quot;type&quot;:&quot;RAYON&quot;,&quot;picto&quot;:null,&quot;level&quot;:4,&quot;sellerId&quot;:null,&quot;slug&quot;:&quot;compatible-nespresso&quot;,&quot;selected&quot;:false,&quot;children&quot;:null,&quot;layers&quot;:&quot;\/navigation\/2186\/layers&quot;,&quot;link&quot;:&quot;\/r\/epicerie-sucree\/boissons-chaudes\/dosettes-et-capsules\/compatible-nespresso&quot;},{&quot;name&quot;:&quot;Compatibles Senseo&quot;,&quot;code&quot;:&quot;R09F02SF01SS02&quot;,&quot;id&quot;:&quot;2187&quot;,&quot;type&quot;:&quot;RAYON&quot;,&quot;picto&quot;:null,&quot;level&quot;:4,&quot;sellerId&quot;:null,&quot;slug&quot;:&quot;compatible-senseo&quot;,&quot;selected&quot;:false,&quot;children&quot;:null,&quot;layers&quot;:&quot;\/navigation\/2187\/layers&quot;,&quot;link&quot;:&quot;\/r\/epicerie-sucree\/boissons-chaudes\/dosettes-et-capsules\/compatible-senseo&quot;},{&quot;name&quot;:&quot;Compatibles Tassimo&quot;,&quot;code&quot;:&quot;R09F02SF01SS03&quot;,&quot;id&quot;:&quot;2188&quot;,&quot;type&quot;:&quot;RAYON&quot;,&quot;picto&quot;:null,&quot;level&quot;:4,&quot;sellerId&quot;:null,&quot;slug&quot;:&quot;compatible-tassimo&quot;,&quot;selected&quot;:false,&quot;children&quot;:null,&quot;layers&quot;:&quot;\/navigation\/2188\/layers&quot;,&quot;link&quot;:&quot;\/r\/epicerie-sucree\/boissons-chaudes\/dosettes-et-capsules\/compatible-tassimo&quot;},{&quot;name&quot;:&quot;Compatibles Dolce Gusto&quot;,&quot;code&quot;:&quot;R09F02SF01SS04&quot;,&quot;id&quot;:&quot;2189&quot;,&quot;type&quot;:&quot;RAYON&quot;,&quot;picto&quot;:null,&quot;level&quot;:4,&quot;sellerId&quot;:null,&quot;slug&quot;:&quot;compatible-dolce-gusto&quot;,&quot;selected&quot;:false,&quot;children&quot;:null,&quot;layers&quot;:&quot;\/navigation\/2189\/layers&quot;,&quot;link&quot;:&quot;\/r\/epicerie-sucree\/boissons-chaudes\/dosettes-et-capsules\/compatible-dolce-gusto&quot;},{&quot;name&quot;:&quot;Compatibles Malongo&quot;,&quot;code&quot;:&quot;R09F02SF01SS05&quot;,&quot;id&quot;:&quot;2190&quot;,&quot;type&quot;:&quot;RAYON&quot;,&quot;picto&quot;:null,&quot;level&quot;:4,&quot;sellerId&quot;:null,&quot;slug&quot;:&quot;compatible-malongo&quot;,&quot;selected&quot;:false,&quot;children&quot;:null,&quot;layers&quot;:&quot;\/navigation\/2190\/layers&quot;,&quot;link&quot;:&quot;\/r\/epicerie-sucree\/boissons-chaudes\/dosettes-et-capsules\/compatible-malongo&quot;},{&quot;name&quot;:&quot;Compatibles Lavazza&quot;,&quot;code&quot;:&quot;R09F02SF01SS06&quot;,&quot;id&quot;:&quot;2191&quot;,&quot;type&quot;:&quot;RAYON&quot;,&quot;picto&quot;:null,&quot;level&quot;:4,&quot;sellerId&quot;:null,&quot;slug&quot;:&quot;compatible-lavazza&quot;,&quot;selected&quot;:false,&quot;children&quot;:null,&quot;layers&quot;:&quot;\/navigation\/2191\/layers&quot;,&quot;link&quot;:&quot;\/r\/epicerie-sucree\/boissons-chaudes\/dosettes-et-capsules\/compatible-lavazza&quot;},{&quot;name&quot;:&quot;Compatibles Sp\u00e9cial T&quot;,&quot;code&quot;:&quot;R09F02SF01SS07&quot;,&quot;id&quot;:&quot;2192&quot;,&quot;type&quot;:&quot;RAYON&quot;,&quot;picto&quot;:null,&quot;level&quot;:4,&quot;sellerId&quot;:null,&quot;slug&quot;:&quot;compatible-special-t&quot;,&quot;selected&quot;:false,&quot;children&quot;:null,&quot;layers&quot;:&quot;\/navigation\/2192\/layers&quot;,&quot;link&quot;:&quot;\/r\/epicerie-sucree\/boissons-chaudes\/dosettes-et-capsules\/compatible-special-t&quot;}],&quot;layers&quot;:&quot;\/navigation\/2185\/layers&quot;,&quot;link&quot;:&quot;\/r\/epicerie-sucree\/boissons-chaudes\/dosettes-et-capsules&quot;},{&quot;name&quot;:&quot;Caf\u00e9s moulus et en grains&quot;,&quot;code&quot;:&quot;R09F02SF02&quot;,&quot;id&quot;:&quot;2193&quot;,&quot;type&quot;:&quot;RAYON&quot;,&quot;picto&quot;:null,&quot;level&quot;:3,&quot;sellerId&quot;:null,&quot;slug&quot;:&quot;cafes-moulus-et-en-grains&quot;,&quot;selected&quot;:false,&quot;children&quot;:null,&quot;layers&quot;:&quot;\/navigation\/2193\/layers&quot;,&quot;link&quot;:&quot;\/r\/epicerie-sucree\/boissons-chaudes\/cafes-moulus-et-en-grains&quot;},{&quot;name&quot;:&quot;Caf\u00e9s solubles et Capuccinos&quot;,&quot;code&quot;:&quot;R09F02SF03&quot;,&quot;id&quot;:&quot;2194&quot;,&quot;type&quot;:&quot;RAYON&quot;,&quot;picto&quot;:null,&quot;level&quot;:3,&quot;sellerId&quot;:null,&quot;slug&quot;:&quot;cafes-solubles-et-capuccinos&quot;,&quot;selected&quot;:false,&quot;children&quot;:null,&quot;layers&quot;:&quot;\/navigation\/2194\/layers&quot;,&quot;link&quot;:&quot;\/r\/epicerie-sucree\/boissons-chaudes\/cafes-solubles-et-capuccinos&quot;},{&quot;name&quot;:&quot;Filtres et D\u00e9tartrants&quot;,&quot;code&quot;:&quot;R09F02SF04&quot;,&quot;id&quot;:&quot;2195&quot;,&quot;type&quot;:&quot;RAYON&quot;,&quot;picto&quot;:null,&quot;level&quot;:3,&quot;sellerId&quot;:null,&quot;slug&quot;:&quot;filtres-et-detartrants&quot;,&quot;selected&quot;:false,&quot;children&quot;:null,&quot;layers&quot;:&quot;\/navigation\/2195\/layers&quot;,&quot;link&quot;:&quot;\/r\/epicerie-sucree\/boissons-chaudes\/filtres-et-detartrants&quot;},{&quot;name&quot;:&quot;Th\u00e9s&quot;,&quot;code&quot;:&quot;R09F02SF05&quot;,&quot;id&quot;:&quot;2196&quot;,&quot;type&quot;:&quot;RAYON&quot;,&quot;picto&quot;:null,&quot;level&quot;:3,&quot;sellerId&quot;:null,&quot;slug&quot;:&quot;thes&quot;,&quot;selected&quot;:false,&quot;children&quot;:[{&quot;name&quot;:&quot;Th\u00e9s parfum\u00e9s&quot;,&quot;code&quot;:&quot;R09F02SF05SS01&quot;,&quot;id&quot;:&quot;2197&quot;,&quot;type&quot;:&quot;RAYON&quot;,&quot;picto&quot;:null,&quot;level&quot;:4,&quot;sellerId&quot;:null,&quot;slug&quot;:&quot;thes-parfumes&quot;,&quot;selected&quot;:false,&quot;children&quot;:null,&quot;layers&quot;:&quot;\/navigation\/2197\/layers&quot;,&quot;link&quot;:&quot;\/r\/epicerie-sucree\/boissons-chaudes\/thes\/thes-parfumes&quot;},{&quot;name&quot;:&quot;Th\u00e9s natures et Earl Grey&quot;,&quot;code&quot;:&quot;R09F02SF05SS02&quot;,&quot;id&quot;:&quot;2198&quot;,&quot;type&quot;:&quot;RAYON&quot;,&quot;picto&quot;:null,&quot;level&quot;:4,&quot;sellerId&quot;:null,&quot;slug&quot;:&quot;thes-natures-et-earl-grey&quot;,&quot;selected&quot;:false,&quot;children&quot;:null,&quot;layers&quot;:&quot;\/navigation\/2198\/layers&quot;,&quot;link&quot;:&quot;\/r\/epicerie-sucree\/boissons-chaudes\/thes\/thes-natures-et-earl-grey&quot;},{&quot;name&quot;:&quot;Th\u00e9s vrac&quot;,&quot;code&quot;:&quot;R09F02SF05SS03&quot;,&quot;id&quot;:&quot;2199&quot;,&quot;type&quot;:&quot;RAYON&quot;,&quot;picto&quot;:null,&quot;level&quot;:4,&quot;sellerId&quot;:null,&quot;slug&quot;:&quot;thes-vrac&quot;,&quot;selected&quot;:false,&quot;children&quot;:null,&quot;layers&quot;:&quot;\/navigation\/2199\/layers&quot;,&quot;link&quot;:&quot;\/r\/epicerie-sucree\/boissons-chaudes\/thes\/thes-vrac&quot;}],&quot;layers&quot;:&quot;\/navigation\/2196\/layers&quot;,&quot;link&quot;:&quot;\/r\/epicerie-sucree\/boissons-chaudes\/thes&quot;},{&quot;name&quot;:&quot;Infusions&quot;,&quot;code&quot;:&quot;R09F02SF06&quot;,&quot;id&quot;:&quot;2200&quot;,&quot;type&quot;:&quot;RAYON&quot;,&quot;picto&quot;:null,&quot;level&quot;:3,&quot;sellerId&quot;:null,&quot;slug&quot;:&quot;infusions&quot;,&quot;selected&quot;:false,&quot;children&quot;:[{&quot;name&quot;:&quot;Infusions parfum\u00e9es&quot;,&quot;code&quot;:&quot;R09F02SF06SS01&quot;,&quot;id&quot;:&quot;2201&quot;,&quot;type&quot;:&quot;RAYON&quot;,&quot;picto&quot;:null,&quot;level&quot;:4,&quot;sellerId&quot;:null,&quot;slug&quot;:&quot;infusions-parfumees&quot;,&quot;selected&quot;:false,&quot;children&quot;:null,&quot;layers&quot;:&quot;\/navigation\/2201\/layers&quot;,&quot;link&quot;:&quot;\/r\/epicerie-sucree\/boissons-chaudes\/infusions\/infusions-parfumees&quot;},{&quot;name&quot;:&quot;Infusions d\u00e9tox et bien-\u00eatre&quot;,&quot;code&quot;:&quot;R09F02SF06SS02&quot;,&quot;id&quot;:&quot;2202&quot;,&quot;type&quot;:&quot;RAYON&quot;,&quot;picto&quot;:null,&quot;level&quot;:4,&quot;sellerId&quot;:null,&quot;slug&quot;:&quot;infusions-detox-et-bien-etre&quot;,&quot;selected&quot;:false,&quot;children&quot;:null,&quot;layers&quot;:&quot;\/navigation\/2202\/layers&quot;,&quot;link&quot;:&quot;\/r\/epicerie-sucree\/boissons-chaudes\/infusions\/infusions-detox-et-bien-etre&quot;}],&quot;layers&quot;:&quot;\/navigation\/2200\/layers&quot;,&quot;link&quot;:&quot;\/r\/epicerie-sucree\/boissons-chaudes\/infusions&quot;},{&quot;name&quot;:&quot;Chocolats en poudre&quot;,&quot;code&quot;:&quot;R09F02SF07&quot;,&quot;id&quot;:&quot;2203&quot;,&quot;type&quot;:&quot;RAYON&quot;,&quot;picto&quot;:null,&quot;level&quot;:3,&quot;sellerId&quot;:null,&quot;slug&quot;:&quot;chocolats-en-poudre&quot;,&quot;selected&quot;:false,&quot;children&quot;:null,&quot;layers&quot;:&quot;\/navigation\/2203\/layers&quot;,&quot;link&quot;:&quot;\/r\/epicerie-sucree\/boissons-chaudes\/chocolats-en-poudre&quot;}],&quot;layers&quot;:&quot;\/navigation\/2184\/layers&quot;,&quot;link&quot;:&quot;\/r\/epicerie-sucree\/boissons-chaudes&quot;},{&quot;name&quot;:&quot;Biscuits et G\u00e2teaux&quot;,&quot;code&quot;:&quot;R09F03&quot;,&quot;id&quot;:&quot;2221&quot;,&quot;type&quot;:&quot;RAYON&quot;,&quot;picto&quot;:&quot;https:\/\/media.carrefour.fr\/medias\/552aa24dcb6b30898fb29955e4d414bd\/p_96x96\/2221.jpg&quot;,&quot;level&quot;:2,&quot;sellerId&quot;:null,&quot;slug&quot;:&quot;biscuits-et-gateaux&quot;,&quot;selected&quot;:false,&quot;children&quot;:[{&quot;name&quot;:&quot;Biscuits au chocolat ou \u00e0 la vanille&quot;,&quot;code&quot;:&quot;R09F03SF01&quot;,&quot;id&quot;:&quot;2222&quot;,&quot;type&quot;:&quot;RAYON&quot;,&quot;picto&quot;:null,&quot;level&quot;:3,&quot;sellerId&quot;:null,&quot;slug&quot;:&quot;biscuits-au-chocolat-ou-a-la-vanille&quot;,&quot;selected&quot;:false,&quot;children&quot;:null,&quot;layers&quot;:&quot;\/navigation\/2222\/layers&quot;,&quot;link&quot;:&quot;\/r\/epicerie-sucree\/biscuits-et-gateaux\/biscuits-au-chocolat-ou-a-la-vanille&quot;},{&quot;name&quot;:&quot;Biscuits aux fruits&quot;,&quot;code&quot;:&quot;R09F03SF02&quot;,&quot;id&quot;:&quot;2223&quot;,&quot;type&quot;:&quot;RAYON&quot;,&quot;picto&quot;:null,&quot;level&quot;:3,&quot;sellerId&quot;:null,&quot;slug&quot;:&quot;biscuits-aux-fruits&quot;,&quot;selected&quot;:false,&quot;children&quot;:null,&quot;layers&quot;:&quot;\/navigation\/2223\/layers&quot;,&quot;link&quot;:&quot;\/r\/epicerie-sucree\/biscuits-et-gateaux\/biscuits-aux-fruits&quot;},{&quot;name&quot;:&quot;Biscuits petit-d\u00e9jeuner&quot;,&quot;code&quot;:&quot;R09F03SF03&quot;,&quot;id&quot;:&quot;2224&quot;,&quot;type&quot;:&quot;RAYON&quot;,&quot;picto&quot;:null,&quot;level&quot;:3,&quot;sellerId&quot;:null,&quot;slug&quot;:&quot;biscuits-petit-dejeuner&quot;,&quot;selected&quot;:false,&quot;children&quot;:null,&quot;layers&quot;:&quot;\/navigation\/2224\/layers&quot;,&quot;link&quot;:&quot;\/r\/epicerie-sucree\/biscuits-et-gateaux\/biscuits-petit-dejeuner&quot;},{&quot;name&quot;:&quot;Cookies&quot;,&quot;code&quot;:&quot;R09F03SF04&quot;,&quot;id&quot;:&quot;2225&quot;,&quot;type&quot;:&quot;RAYON&quot;,&quot;picto&quot;:null,&quot;level&quot;:3,&quot;sellerId&quot;:null,&quot;slug&quot;:&quot;cookies&quot;,&quot;selected&quot;:false,&quot;children&quot;:null,&quot;layers&quot;:&quot;\/navigation\/2225\/layers&quot;,&quot;link&quot;:&quot;\/r\/epicerie-sucree\/biscuits-et-gateaux\/cookies&quot;},{&quot;name&quot;:&quot;Petits beurres et Biscuits secs&quot;,&quot;code&quot;:&quot;R09F03SF05&quot;,&quot;id&quot;:&quot;2226&quot;,&quot;type&quot;:&quot;RAYON&quot;,&quot;picto&quot;:null,&quot;level&quot;:3,&quot;sellerId&quot;:null,&quot;slug&quot;:&quot;petits-beurres-et-biscuits-secs&quot;,&quot;selected&quot;:false,&quot;children&quot;:null,&quot;layers&quot;:&quot;\/navigation\/2226\/layers&quot;,&quot;link&quot;:&quot;\/r\/epicerie-sucree\/biscuits-et-gateaux\/petits-beurres-et-biscuits-secs&quot;},{&quot;name&quot;:&quot;Assortiments de biscuits et Mignardises&quot;,&quot;code&quot;:&quot;R09F03SF06&quot;,&quot;id&quot;:&quot;2227&quot;,&quot;type&quot;:&quot;RAYON&quot;,&quot;picto&quot;:null,&quot;level&quot;:3,&quot;sellerId&quot;:null,&quot;slug&quot;:&quot;assortiment-de-biscuits-et-mignardises&quot;,&quot;selected&quot;:false,&quot;children&quot;:null,&quot;layers&quot;:&quot;\/navigation\/2227\/layers&quot;,&quot;link&quot;:&quot;\/r\/epicerie-sucree\/biscuits-et-gateaux\/assortiment-de-biscuits-et-mignardises&quot;},{&quot;name&quot;:&quot;Barres de c\u00e9r\u00e9ales et Chocolat\u00e9es&quot;,&quot;code&quot;:&quot;R09F03SF07&quot;,&quot;id&quot;:&quot;2228&quot;,&quot;type&quot;:&quot;RAYON&quot;,&quot;picto&quot;:null,&quot;level&quot;:3,&quot;sellerId&quot;:null,&quot;slug&quot;:&quot;barres-de-cereales-et-chocolatees&quot;,&quot;selected&quot;:false,&quot;children&quot;:[{&quot;name&quot;:&quot;Barres de c\u00e9r\u00e9ales&quot;,&quot;code&quot;:&quot;R09F03SF07SS01&quot;,&quot;id&quot;:&quot;2229&quot;,&quot;type&quot;:&quot;RAYON&quot;,&quot;picto&quot;:null,&quot;level&quot;:4,&quot;sellerId&quot;:null,&quot;slug&quot;:&quot;barres-de-cereales&quot;,&quot;selected&quot;:false,&quot;children&quot;:null,&quot;layers&quot;:&quot;\/navigation\/2229\/layers&quot;,&quot;link&quot;:&quot;\/r\/epicerie-sucree\/biscuits-et-gateaux\/barres-de-cereales-et-chocolatees\/barres-de-cereales&quot;},{&quot;name&quot;:&quot;Barres chocolat\u00e9es&quot;,&quot;code&quot;:&quot;R09F03SF07SS02&quot;,&quot;id&quot;:&quot;2230&quot;,&quot;type&quot;:&quot;RAYON&quot;,&quot;picto&quot;:null,&quot;level&quot;:4,&quot;sellerId&quot;:null,&quot;slug&quot;:&quot;barres-chocolatees&quot;,&quot;selected&quot;:false,&quot;children&quot;:null,&quot;layers&quot;:&quot;\/navigation\/2230\/layers&quot;,&quot;link&quot;:&quot;\/r\/epicerie-sucree\/biscuits-et-gateaux\/barres-de-cereales-et-chocolatees\/barres-chocolatees&quot;}],&quot;layers&quot;:&quot;\/navigation\/2228\/layers&quot;,&quot;link&quot;:&quot;\/r\/epicerie-sucree\/biscuits-et-gateaux\/barres-de-cereales-et-chocolatees&quot;},{&quot;name&quot;:&quot;Go\u00fbters pockets&quot;,&quot;code&quot;:&quot;R09F03SF08&quot;,&quot;id&quot;:&quot;2231&quot;,&quot;type&quot;:&quot;RAYON&quot;,&quot;picto&quot;:null,&quot;level&quot;:3,&quot;sellerId&quot;:null,&quot;slug&quot;:&quot;gouters-pockets&quot;,&quot;selected&quot;:false,&quot;children&quot;:null,&quot;layers&quot;:&quot;\/navigation\/2231\/layers&quot;,&quot;link&quot;:&quot;\/r\/epicerie-sucree\/biscuits-et-gateaux\/gouters-pockets&quot;},{&quot;name&quot;:&quot;Madeleines&quot;,&quot;code&quot;:&quot;R09F03SF09&quot;,&quot;id&quot;:&quot;2232&quot;,&quot;type&quot;:&quot;RAYON&quot;,&quot;picto&quot;:null,&quot;level&quot;:3,&quot;sellerId&quot;:null,&quot;slug&quot;:&quot;madeleines&quot;,&quot;selected&quot;:false,&quot;children&quot;:null,&quot;layers&quot;:&quot;\/navigation\/2232\/layers&quot;,&quot;link&quot;:&quot;\/r\/epicerie-sucree\/biscuits-et-gateaux\/madeleines&quot;},{&quot;name&quot;:&quot;Quatre quarts et Pains d&#039;\u00e9pices&quot;,&quot;code&quot;:&quot;R09F03SF10&quot;,&quot;id&quot;:&quot;2233&quot;,&quot;type&quot;:&quot;RAYON&quot;,&quot;picto&quot;:null,&quot;level&quot;:3,&quot;sellerId&quot;:null,&quot;slug&quot;:&quot;quatre-quarts-et-pains-depices&quot;,&quot;selected&quot;:false,&quot;children&quot;:null,&quot;layers&quot;:&quot;\/navigation\/2233\/layers&quot;,&quot;link&quot;:&quot;\/r\/epicerie-sucree\/biscuits-et-gateaux\/quatre-quarts-et-pains-depices&quot;},{&quot;name&quot;:&quot;Marbr\u00e9s et Brownies&quot;,&quot;code&quot;:&quot;R09F03SF11&quot;,&quot;id&quot;:&quot;2234&quot;,&quot;type&quot;:&quot;RAYON&quot;,&quot;picto&quot;:null,&quot;level&quot;:3,&quot;sellerId&quot;:null,&quot;slug&quot;:&quot;marbre-et-brownies&quot;,&quot;selected&quot;:false,&quot;children&quot;:null,&quot;layers&quot;:&quot;\/navigation\/2234\/layers&quot;,&quot;link&quot;:&quot;\/r\/epicerie-sucree\/biscuits-et-gateaux\/marbre-et-brownies&quot;},{&quot;name&quot;:&quot;Cr\u00eapes et Gaufres&quot;,&quot;code&quot;:&quot;R09F03SF12&quot;,&quot;id&quot;:&quot;2235&quot;,&quot;type&quot;:&quot;RAYON&quot;,&quot;picto&quot;:null,&quot;level&quot;:3,&quot;sellerId&quot;:null,&quot;slug&quot;:&quot;crepes-et-gaufres&quot;,&quot;selected&quot;:false,&quot;children&quot;:null,&quot;layers&quot;:&quot;\/navigation\/2235\/layers&quot;,&quot;link&quot;:&quot;\/r\/epicerie-sucree\/biscuits-et-gateaux\/crepes-et-gaufres&quot;},{&quot;name&quot;:&quot;Biscuits bio et Di\u00e9t\u00e9tiques&quot;,&quot;code&quot;:&quot;R09F03SF13&quot;,&quot;id&quot;:&quot;2236&quot;,&quot;type&quot;:&quot;RAYON&quot;,&quot;picto&quot;:null,&quot;level&quot;:3,&quot;sellerId&quot;:null,&quot;slug&quot;:&quot;biscuits-bio-et-dietetiques&quot;,&quot;selected&quot;:false,&quot;children&quot;:null,&quot;layers&quot;:&quot;\/navigation\/2236\/layers&quot;,&quot;link&quot;:&quot;\/r\/epicerie-sucree\/biscuits-et-gateaux\/biscuits-bio-et-dietetiques&quot;}],&quot;layers&quot;:&quot;\/navigation\/2221\/layers&quot;,&quot;link&quot;:&quot;\/r\/epicerie-sucree\/biscuits-et-gateaux&quot;},{&quot;name&quot;:&quot;Petit d\u00e9jeuner&quot;,&quot;code&quot;:&quot;R09F04&quot;,&quot;id&quot;:&quot;2204&quot;,&quot;type&quot;:&quot;RAYON&quot;,&quot;picto&quot;:&quot;https:\/\/media.carrefour.fr\/medias\/bdf11e64badc355997a6ac1ba4c77a45\/p_96x96\/2204.jpg&quot;,&quot;level&quot;:2,&quot;sellerId&quot;:null,&quot;slug&quot;:&quot;petit-dejeuner&quot;,&quot;selected&quot;:false,&quot;children&quot;:[{&quot;name&quot;:&quot;C\u00e9r\u00e9ales enfants&quot;,&quot;code&quot;:&quot;R09F04SF01&quot;,&quot;id&quot;:&quot;2205&quot;,&quot;type&quot;:&quot;RAYON&quot;,&quot;picto&quot;:null,&quot;level&quot;:3,&quot;sellerId&quot;:null,&quot;slug&quot;:&quot;cereales-enfants&quot;,&quot;selected&quot;:false,&quot;children&quot;:null,&quot;layers&quot;:&quot;\/navigation\/2205\/layers&quot;,&quot;link&quot;:&quot;\/r\/epicerie-sucree\/petit-dejeuner\/cereales-enfants&quot;},{&quot;name&quot;:&quot;C\u00e9r\u00e9ales adultes&quot;,&quot;code&quot;:&quot;R09F04SF02&quot;,&quot;id&quot;:&quot;2206&quot;,&quot;type&quot;:&quot;RAYON&quot;,&quot;picto&quot;:null,&quot;level&quot;:3,&quot;sellerId&quot;:null,&quot;slug&quot;:&quot;cereales-adultes&quot;,&quot;selected&quot;:false,&quot;children&quot;:null,&quot;layers&quot;:&quot;\/navigation\/2206\/layers&quot;,&quot;link&quot;:&quot;\/r\/epicerie-sucree\/petit-dejeuner\/cereales-adultes&quot;},{&quot;name&quot;:&quot;Mueslis et Avoines&quot;,&quot;code&quot;:&quot;R09F04SF03&quot;,&quot;id&quot;:&quot;2207&quot;,&quot;type&quot;:&quot;RAYON&quot;,&quot;picto&quot;:null,&quot;level&quot;:3,&quot;sellerId&quot;:null,&quot;slug&quot;:&quot;mueslis-et-avoines&quot;,&quot;selected&quot;:false,&quot;children&quot;:null,&quot;layers&quot;:&quot;\/navigation\/2207\/layers&quot;,&quot;link&quot;:&quot;\/r\/epicerie-sucree\/petit-dejeuner\/mueslis-et-avoines&quot;},{&quot;name&quot;:&quot;Barres c\u00e9r\u00e9ales&quot;,&quot;code&quot;:&quot;R09F04SF04&quot;,&quot;id&quot;:&quot;2208&quot;,&quot;type&quot;:&quot;RAYON&quot;,&quot;picto&quot;:null,&quot;level&quot;:3,&quot;sellerId&quot;:null,&quot;slug&quot;:&quot;barres-cereales&quot;,&quot;selected&quot;:false,&quot;children&quot;:null,&quot;layers&quot;:&quot;\/navigation\/2208\/layers&quot;,&quot;link&quot;:&quot;\/r\/epicerie-sucree\/petit-dejeuner\/barres-cereales&quot;},{&quot;name&quot;:&quot;Biscuits petit-d\u00e9jeuner&quot;,&quot;code&quot;:&quot;R09F04SF05&quot;,&quot;id&quot;:&quot;2209&quot;,&quot;type&quot;:&quot;RAYON&quot;,&quot;picto&quot;:null,&quot;level&quot;:3,&quot;sellerId&quot;:null,&quot;slug&quot;:&quot;biscuits-petit-dejeuner&quot;,&quot;selected&quot;:false,&quot;children&quot;:null,&quot;layers&quot;:&quot;\/navigation\/2209\/layers&quot;,&quot;link&quot;:&quot;\/r\/epicerie-sucree\/petit-dejeuner\/biscuits-petit-dejeuner&quot;},{&quot;name&quot;:&quot;Biscottes, Pains grill\u00e9s et Galettes&quot;,&quot;code&quot;:&quot;R09F04SF06&quot;,&quot;id&quot;:&quot;2210&quot;,&quot;type&quot;:&quot;RAYON&quot;,&quot;picto&quot;:null,&quot;level&quot;:3,&quot;sellerId&quot;:null,&quot;slug&quot;:&quot;biscottes-pains-grilles-et-galettes&quot;,&quot;selected&quot;:false,&quot;children&quot;:null,&quot;layers&quot;:&quot;\/navigation\/2210\/layers&quot;,&quot;link&quot;:&quot;\/r\/epicerie-sucree\/petit-dejeuner\/biscottes-pains-grilles-et-galettes&quot;},{&quot;name&quot;:&quot;Pain de mie&quot;,&quot;code&quot;:&quot;R09F04SF07&quot;,&quot;id&quot;:&quot;2211&quot;,&quot;type&quot;:&quot;RAYON&quot;,&quot;picto&quot;:null,&quot;level&quot;:3,&quot;sellerId&quot;:null,&quot;slug&quot;:&quot;pain-de-mie&quot;,&quot;selected&quot;:false,&quot;children&quot;:null,&quot;layers&quot;:&quot;\/navigation\/2211\/layers&quot;,&quot;link&quot;:&quot;\/r\/epicerie-sucree\/petit-dejeuner\/pain-de-mie&quot;},{&quot;name&quot;:&quot;Brioches et Viennoiseries&quot;,&quot;code&quot;:&quot;R09F04SF08&quot;,&quot;id&quot;:&quot;2212&quot;,&quot;type&quot;:&quot;RAYON&quot;,&quot;picto&quot;:null,&quot;level&quot;:3,&quot;sellerId&quot;:null,&quot;slug&quot;:&quot;brioches-et-viennoiseries&quot;,&quot;selected&quot;:false,&quot;children&quot;:[{&quot;name&quot;:&quot;Brioches et Pains au lait&quot;,&quot;code&quot;:&quot;R09F04SF08SS01&quot;,&quot;id&quot;:&quot;2213&quot;,&quot;type&quot;:&quot;RAYON&quot;,&quot;picto&quot;:null,&quot;level&quot;:4,&quot;sellerId&quot;:null,&quot;slug&quot;:&quot;brioches-et-pains-au-lait&quot;,&quot;selected&quot;:false,&quot;children&quot;:null,&quot;layers&quot;:&quot;\/navigation\/2213\/layers&quot;,&quot;link&quot;:&quot;\/r\/epicerie-sucree\/petit-dejeuner\/brioches-et-viennoiseries\/brioches-et-pains-au-lait&quot;},{&quot;name&quot;:&quot;Viennoiseries&quot;,&quot;code&quot;:&quot;R09F04SF08SS02&quot;,&quot;id&quot;:&quot;2214&quot;,&quot;type&quot;:&quot;RAYON&quot;,&quot;picto&quot;:null,&quot;level&quot;:4,&quot;sellerId&quot;:null,&quot;slug&quot;:&quot;viennoiseries&quot;,&quot;selected&quot;:false,&quot;children&quot;:null,&quot;layers&quot;:&quot;\/navigation\/2214\/layers&quot;,&quot;link&quot;:&quot;\/r\/epicerie-sucree\/petit-dejeuner\/brioches-et-viennoiseries\/viennoiseries&quot;}],&quot;layers&quot;:&quot;\/navigation\/2212\/layers&quot;,&quot;link&quot;:&quot;\/r\/epicerie-sucree\/petit-dejeuner\/brioches-et-viennoiseries&quot;},{&quot;name&quot;:&quot;Confitures&quot;,&quot;code&quot;:&quot;R09F04SF09&quot;,&quot;id&quot;:&quot;2215&quot;,&quot;type&quot;:&quot;RAYON&quot;,&quot;picto&quot;:null,&quot;level&quot;:3,&quot;sellerId&quot;:null,&quot;slug&quot;:&quot;confitures&quot;,&quot;selected&quot;:false,&quot;children&quot;:[{&quot;name&quot;:&quot;Fruits rouges&quot;,&quot;code&quot;:&quot;R09F04SF09SS01&quot;,&quot;id&quot;:&quot;2216&quot;,&quot;type&quot;:&quot;RAYON&quot;,&quot;picto&quot;:null,&quot;level&quot;:4,&quot;sellerId&quot;:null,&quot;slug&quot;:&quot;fruits-rouges&quot;,&quot;selected&quot;:false,&quot;children&quot;:null,&quot;layers&quot;:&quot;\/navigation\/2216\/layers&quot;,&quot;link&quot;:&quot;\/r\/epicerie-sucree\/petit-dejeuner\/confitures\/fruits-rouges&quot;},{&quot;name&quot;:&quot;Fruits jaunes&quot;,&quot;code&quot;:&quot;R09F04SF09SS02&quot;,&quot;id&quot;:&quot;2217&quot;,&quot;type&quot;:&quot;RAYON&quot;,&quot;picto&quot;:null,&quot;level&quot;:4,&quot;sellerId&quot;:null,&quot;slug&quot;:&quot;fruits-jaunes&quot;,&quot;selected&quot;:false,&quot;children&quot;:null,&quot;layers&quot;:&quot;\/navigation\/2217\/layers&quot;,&quot;link&quot;:&quot;\/r\/epicerie-sucree\/petit-dejeuner\/confitures\/fruits-jaunes&quot;}],&quot;layers&quot;:&quot;\/navigation\/2215\/layers&quot;,&quot;link&quot;:&quot;\/r\/epicerie-sucree\/petit-dejeuner\/confitures&quot;},{&quot;name&quot;:&quot;P\u00e2tes \u00e0 tartiner et Miels&quot;,&quot;code&quot;:&quot;R09F04SF10&quot;,&quot;id&quot;:&quot;2218&quot;,&quot;type&quot;:&quot;RAYON&quot;,&quot;picto&quot;:null,&quot;level&quot;:3,&quot;sellerId&quot;:null,&quot;slug&quot;:&quot;pates-a-tartiner-et-miels&quot;,&quot;selected&quot;:false,&quot;children&quot;:[{&quot;name&quot;:&quot;P\u00e2tes \u00e0 tartiner et Cr\u00e8mes&quot;,&quot;code&quot;:&quot;R09F04SF10SS01&quot;,&quot;id&quot;:&quot;2219&quot;,&quot;type&quot;:&quot;RAYON&quot;,&quot;picto&quot;:null,&quot;level&quot;:4,&quot;sellerId&quot;:null,&quot;slug&quot;:&quot;pates-a-tartiner-et-cremes&quot;,&quot;selected&quot;:false,&quot;children&quot;:null,&quot;layers&quot;:&quot;\/navigation\/2219\/layers&quot;,&quot;link&quot;:&quot;\/r\/epicerie-sucree\/petit-dejeuner\/pates-a-tartiner-et-miels\/pates-a-tartiner-et-cremes&quot;},{&quot;name&quot;:&quot;Miels&quot;,&quot;code&quot;:&quot;R09F04SF10SS02&quot;,&quot;id&quot;:&quot;2220&quot;,&quot;type&quot;:&quot;RAYON&quot;,&quot;picto&quot;:null,&quot;level&quot;:4,&quot;sellerId&quot;:null,&quot;slug&quot;:&quot;miels&quot;,&quot;selected&quot;:false,&quot;children&quot;:null,&quot;layers&quot;:&quot;\/navigation\/2220\/layers&quot;,&quot;link&quot;:&quot;\/r\/epicerie-sucree\/petit-dejeuner\/pates-a-tartiner-et-miels\/miels&quot;}],&quot;layers&quot;:&quot;\/navigation\/2218\/layers&quot;,&quot;link&quot;:&quot;\/r\/epicerie-sucree\/petit-dejeuner\/pates-a-tartiner-et-miels&quot;}],&quot;layers&quot;:&quot;\/navigation\/2204\/layers&quot;,&quot;link&quot;:&quot;\/r\/epicerie-sucree\/petit-dejeuner&quot;},{&quot;name&quot;:&quot;Sucres, Farines, Coulis et Pr\u00e9parations g\u00e2teaux&quot;,&quot;code&quot;:&quot;R09F05&quot;,&quot;id&quot;:&quot;2254&quot;,&quot;type&quot;:&quot;RAYON&quot;,&quot;picto&quot;:&quot;https:\/\/media.carrefour.fr\/medias\/41a62a7b6371327ebd0fe4f6cf10bb71\/p_96x96\/2254.jpg&quot;,&quot;level&quot;:2,&quot;sellerId&quot;:null,&quot;slug&quot;:&quot;sucres-farines-coulis-et-preparation-gateaux&quot;,&quot;selected&quot;:false,&quot;children&quot;:[{&quot;name&quot;:&quot;Sucres et Edulcorants&quot;,&quot;code&quot;:&quot;R09F05SF01&quot;,&quot;id&quot;:&quot;2255&quot;,&quot;type&quot;:&quot;RAYON&quot;,&quot;picto&quot;:null,&quot;level&quot;:3,&quot;sellerId&quot;:null,&quot;slug&quot;:&quot;sucres-et-edulcorants&quot;,&quot;selected&quot;:false,&quot;children&quot;:null,&quot;layers&quot;:&quot;\/navigation\/2255\/layers&quot;,&quot;link&quot;:&quot;\/r\/epicerie-sucree\/sucres-farines-coulis-et-preparation-gateaux\/sucres-et-edulcorants&quot;},{&quot;name&quot;:&quot;Farines&quot;,&quot;code&quot;:&quot;R09F05SF02&quot;,&quot;id&quot;:&quot;2256&quot;,&quot;type&quot;:&quot;RAYON&quot;,&quot;picto&quot;:null,&quot;level&quot;:3,&quot;sellerId&quot;:null,&quot;slug&quot;:&quot;farines&quot;,&quot;selected&quot;:false,&quot;children&quot;:null,&quot;layers&quot;:&quot;\/navigation\/2256\/layers&quot;,&quot;link&quot;:&quot;\/r\/epicerie-sucree\/sucres-farines-coulis-et-preparation-gateaux\/farines&quot;},{&quot;name&quot;:&quot;Pr\u00e9parations pour g\u00e2teaux et Flans&quot;,&quot;code&quot;:&quot;R09F05SF03&quot;,&quot;id&quot;:&quot;2257&quot;,&quot;type&quot;:&quot;RAYON&quot;,&quot;picto&quot;:null,&quot;level&quot;:3,&quot;sellerId&quot;:null,&quot;slug&quot;:&quot;preparation-pour-gateaux-et-flans&quot;,&quot;selected&quot;:false,&quot;children&quot;:null,&quot;layers&quot;:&quot;\/navigation\/2257\/layers&quot;,&quot;link&quot;:&quot;\/r\/epicerie-sucree\/sucres-farines-coulis-et-preparation-gateaux\/preparation-pour-gateaux-et-flans&quot;},{&quot;name&quot;:&quot;Aide \u00e0 la p\u00e2tisserie&quot;,&quot;code&quot;:&quot;R09F05SF04&quot;,&quot;id&quot;:&quot;2258&quot;,&quot;type&quot;:&quot;RAYON&quot;,&quot;picto&quot;:null,&quot;level&quot;:3,&quot;sellerId&quot;:null,&quot;slug&quot;:&quot;aide-a-la-patisserie&quot;,&quot;selected&quot;:false,&quot;children&quot;:[{&quot;name&quot;:&quot;D\u00e9corations p\u00e2tissi\u00e8res, Nappages&quot;,&quot;code&quot;:&quot;R09F05SF04SS01&quot;,&quot;id&quot;:&quot;2259&quot;,&quot;type&quot;:&quot;RAYON&quot;,&quot;picto&quot;:null,&quot;level&quot;:4,&quot;sellerId&quot;:null,&quot;slug&quot;:&quot;decorations-patissieres-nappage&quot;,&quot;selected&quot;:false,&quot;children&quot;:null,&quot;layers&quot;:&quot;\/navigation\/2259\/layers&quot;,&quot;link&quot;:&quot;\/r\/epicerie-sucree\/sucres-farines-coulis-et-preparation-gateaux\/aide-a-la-patisserie\/decorations-patissieres-nappage&quot;},{&quot;name&quot;:&quot;Ar\u00f4mes, Fruits secs et Confits&quot;,&quot;code&quot;:&quot;R09F05SF04SS02&quot;,&quot;id&quot;:&quot;2260&quot;,&quot;type&quot;:&quot;RAYON&quot;,&quot;picto&quot;:null,&quot;level&quot;:4,&quot;sellerId&quot;:null,&quot;slug&quot;:&quot;aromes-fruits-secs-et-confits&quot;,&quot;selected&quot;:false,&quot;children&quot;:null,&quot;layers&quot;:&quot;\/navigation\/2260\/layers&quot;,&quot;link&quot;:&quot;\/r\/epicerie-sucree\/sucres-farines-coulis-et-preparation-gateaux\/aide-a-la-patisserie\/aromes-fruits-secs-et-confits&quot;},{&quot;name&quot;:&quot;Sucres vanill\u00e9s, Levures et G\u00e9lifiants&quot;,&quot;code&quot;:&quot;R09F05SF04SS03&quot;,&quot;id&quot;:&quot;2261&quot;,&quot;type&quot;:&quot;RAYON&quot;,&quot;picto&quot;:null,&quot;level&quot;:4,&quot;sellerId&quot;:null,&quot;slug&quot;:&quot;sucres-vanilles-levures-et-gelifiants&quot;,&quot;selected&quot;:false,&quot;children&quot;:null,&quot;layers&quot;:&quot;\/navigation\/2261\/layers&quot;,&quot;link&quot;:&quot;\/r\/epicerie-sucree\/sucres-farines-coulis-et-preparation-gateaux\/aide-a-la-patisserie\/sucres-vanilles-levures-et-gelifiants&quot;},{&quot;name&quot;:&quot;Laits en poudre et concentr\u00e9s&quot;,&quot;code&quot;:&quot;R09F05SF04SS04&quot;,&quot;id&quot;:&quot;2262&quot;,&quot;type&quot;:&quot;RAYON&quot;,&quot;picto&quot;:null,&quot;level&quot;:4,&quot;sellerId&quot;:null,&quot;slug&quot;:&quot;laits-en-poudre-et-concentres&quot;,&quot;selected&quot;:false,&quot;children&quot;:null,&quot;layers&quot;:&quot;\/navigation\/2262\/layers&quot;,&quot;link&quot;:&quot;\/r\/epicerie-sucree\/sucres-farines-coulis-et-preparation-gateaux\/aide-a-la-patisserie\/laits-en-poudre-et-concentres&quot;}],&quot;layers&quot;:&quot;\/navigation\/2258\/layers&quot;,&quot;link&quot;:&quot;\/r\/epicerie-sucree\/sucres-farines-coulis-et-preparation-gateaux\/aide-a-la-patisserie&quot;}],&quot;layers&quot;:&quot;\/navigation\/2254\/layers&quot;,&quot;link&quot;:&quot;\/r\/epicerie-sucree\/sucres-farines-coulis-et-preparation-gateaux&quot;},{&quot;name&quot;:&quot;Compotes, Fruits au sirop et Cr\u00e8mes desserts&quot;,&quot;code&quot;:&quot;R09F06&quot;,&quot;id&quot;:&quot;2250&quot;,&quot;type&quot;:&quot;RAYON&quot;,&quot;picto&quot;:&quot;https:\/\/media.carrefour.fr\/medias\/bd605dd9b60f38948e53c4db12e8e9a4\/p_96x96\/2250.jpg&quot;,&quot;level&quot;:2,&quot;sellerId&quot;:null,&quot;slug&quot;:&quot;compotes-fruits-au-sirop-et-cremes-desserts&quot;,&quot;selected&quot;:false,&quot;children&quot;:[{&quot;name&quot;:&quot;Compotes&quot;,&quot;code&quot;:&quot;R09F06SF01&quot;,&quot;id&quot;:&quot;2251&quot;,&quot;type&quot;:&quot;RAYON&quot;,&quot;picto&quot;:null,&quot;level&quot;:3,&quot;sellerId&quot;:null,&quot;slug&quot;:&quot;compotes&quot;,&quot;selected&quot;:false,&quot;children&quot;:null,&quot;layers&quot;:&quot;\/navigation\/2251\/layers&quot;,&quot;link&quot;:&quot;\/r\/epicerie-sucree\/compotes-fruits-au-sirop-et-cremes-desserts\/compotes&quot;},{&quot;name&quot;:&quot;Fruits au sirop&quot;,&quot;code&quot;:&quot;R09F06SF02&quot;,&quot;id&quot;:&quot;2252&quot;,&quot;type&quot;:&quot;RAYON&quot;,&quot;picto&quot;:null,&quot;level&quot;:3,&quot;sellerId&quot;:null,&quot;slug&quot;:&quot;fruits-au-sirop&quot;,&quot;selected&quot;:false,&quot;children&quot;:null,&quot;layers&quot;:&quot;\/navigation\/2252\/layers&quot;,&quot;link&quot;:&quot;\/r\/epicerie-sucree\/compotes-fruits-au-sirop-et-cremes-desserts\/fruits-au-sirop&quot;},{&quot;name&quot;:&quot;Cr\u00e8mes dessert&quot;,&quot;code&quot;:&quot;R09F06SF03&quot;,&quot;id&quot;:&quot;2253&quot;,&quot;type&quot;:&quot;RAYON&quot;,&quot;picto&quot;:null,&quot;level&quot;:3,&quot;sellerId&quot;:null,&quot;slug&quot;:&quot;cremes-dessert&quot;,&quot;selected&quot;:false,&quot;children&quot;:null,&quot;layers&quot;:&quot;\/navigation\/2253\/layers&quot;,&quot;link&quot;:&quot;\/r\/epicerie-sucree\/compotes-fruits-au-sirop-et-cremes-desserts\/cremes-dessert&quot;}],&quot;layers&quot;:&quot;\/navigation\/2250\/layers&quot;,&quot;link&quot;:&quot;\/r\/epicerie-sucree\/compotes-fruits-au-sirop-et-cremes-desserts&quot;},{&quot;name&quot;:&quot;Di\u00e9t\u00e9tique et Bien-\u00eatre&quot;,&quot;code&quot;:&quot;R09F07&quot;,&quot;id&quot;:&quot;2263&quot;,&quot;type&quot;:&quot;RAYON&quot;,&quot;picto&quot;:&quot;https:\/\/media.carrefour.fr\/medias\/60dd3c6d99e5382984bac78396a46ed7\/p_96x96\/2263.jpg&quot;,&quot;level&quot;:2,&quot;sellerId&quot;:null,&quot;slug&quot;:&quot;dietetique&quot;,&quot;selected&quot;:false,&quot;children&quot;:[{&quot;name&quot;:&quot;Compl\u00e9ments alimentaires&quot;,&quot;code&quot;:&quot;R09F07SF01&quot;,&quot;id&quot;:&quot;2270&quot;,&quot;type&quot;:&quot;RAYON&quot;,&quot;picto&quot;:null,&quot;level&quot;:3,&quot;sellerId&quot;:null,&quot;slug&quot;:&quot;complements-alimentaires&quot;,&quot;selected&quot;:false,&quot;children&quot;:null,&quot;layers&quot;:&quot;\/navigation\/2270\/layers&quot;,&quot;link&quot;:&quot;\/r\/epicerie-sucree\/dietetique\/complements-alimentaires&quot;},{&quot;name&quot;:&quot;Sans Gluten&quot;,&quot;code&quot;:&quot;R09F07SF02&quot;,&quot;id&quot;:&quot;2264&quot;,&quot;type&quot;:&quot;RAYON&quot;,&quot;picto&quot;:null,&quot;level&quot;:3,&quot;sellerId&quot;:null,&quot;slug&quot;:&quot;sans-gluten&quot;,&quot;selected&quot;:false,&quot;children&quot;:null,&quot;layers&quot;:&quot;\/navigation\/2264\/layers&quot;,&quot;link&quot;:&quot;\/r\/epicerie-sucree\/dietetique\/sans-gluten&quot;},{&quot;name&quot;:&quot;Biscuits, Galettes et C\u00e9r\u00e9ales&quot;,&quot;code&quot;:&quot;R09F07SF03&quot;,&quot;id&quot;:&quot;2265&quot;,&quot;type&quot;:&quot;RAYON&quot;,&quot;picto&quot;:null,&quot;level&quot;:3,&quot;sellerId&quot;:null,&quot;slug&quot;:&quot;biscuits-galettes-et-cereales&quot;,&quot;selected&quot;:false,&quot;children&quot;:null,&quot;layers&quot;:&quot;\/navigation\/2265\/layers&quot;,&quot;link&quot;:&quot;\/r\/epicerie-sucree\/dietetique\/biscuits-galettes-et-cereales&quot;},{&quot;name&quot;:&quot;Boissons&quot;,&quot;code&quot;:&quot;R09F07SF04&quot;,&quot;id&quot;:&quot;2266&quot;,&quot;type&quot;:&quot;RAYON&quot;,&quot;picto&quot;:null,&quot;level&quot;:3,&quot;sellerId&quot;:null,&quot;slug&quot;:&quot;boissons&quot;,&quot;selected&quot;:false,&quot;children&quot;:null,&quot;layers&quot;:&quot;\/navigation\/2266\/layers&quot;,&quot;link&quot;:&quot;\/r\/epicerie-sucree\/dietetique\/boissons&quot;},{&quot;name&quot;:&quot;Th\u00e9s et Infusions&quot;,&quot;code&quot;:&quot;R09F07SF05&quot;,&quot;id&quot;:&quot;2267&quot;,&quot;type&quot;:&quot;RAYON&quot;,&quot;picto&quot;:null,&quot;level&quot;:3,&quot;sellerId&quot;:null,&quot;slug&quot;:&quot;thes-et-infusions&quot;,&quot;selected&quot;:false,&quot;children&quot;:null,&quot;layers&quot;:&quot;\/navigation\/2267\/layers&quot;,&quot;link&quot;:&quot;\/r\/epicerie-sucree\/dietetique\/thes-et-infusions&quot;},{&quot;name&quot;:&quot;Edulcorants&quot;,&quot;code&quot;:&quot;R09F07SF06&quot;,&quot;id&quot;:&quot;2268&quot;,&quot;type&quot;:&quot;RAYON&quot;,&quot;picto&quot;:null,&quot;level&quot;:3,&quot;sellerId&quot;:null,&quot;slug&quot;:&quot;edulcorants&quot;,&quot;selected&quot;:false,&quot;children&quot;:null,&quot;layers&quot;:&quot;\/navigation\/2268\/layers&quot;,&quot;link&quot;:&quot;\/r\/epicerie-sucree\/dietetique\/edulcorants&quot;},{&quot;name&quot;:&quot;Repas minceur et Barres&quot;,&quot;code&quot;:&quot;R09F07SF07&quot;,&quot;id&quot;:&quot;2269&quot;,&quot;type&quot;:&quot;RAYON&quot;,&quot;picto&quot;:null,&quot;level&quot;:3,&quot;sellerId&quot;:null,&quot;slug&quot;:&quot;repas-minceur-et-barres&quot;,&quot;selected&quot;:false,&quot;children&quot;:null,&quot;layers&quot;:&quot;\/navigation\/2269\/layers&quot;,&quot;link&quot;:&quot;\/r\/epicerie-sucree\/dietetique\/repas-minceur-et-barres&quot;}],&quot;layers&quot;:&quot;\/navigation\/2263\/layers&quot;,&quot;link&quot;:&quot;\/r\/epicerie-sucree\/dietetique&quot;}],&quot;layers&quot;:&quot;\/navigation\/2183\/layers&quot;,&quot;link&quot;:&quot;\/r\/epicerie-sucree&quot;},{&quot;name&quot;:&quot;Boissons&quot;,&quot;code&quot;:&quot;R10&quot;,&quot;id&quot;:&quot;27070&quot;,&quot;type&quot;:&quot;RAYON&quot;,&quot;picto&quot;:&quot;https:\/\/media.carrefour.fr\/medias\/5994db3414e934f68edcb2a3cd59ba20\/p_96x96\/27070.jpg&quot;,&quot;level&quot;:1,&quot;sellerId&quot;:null,&quot;slug&quot;:&quot;boissons&quot;,&quot;selected&quot;:false,&quot;children&quot;:[{&quot;name&quot;:&quot;Champagnes et P\u00e9tillants&quot;,&quot;code&quot;:&quot;R10F01&quot;,&quot;id&quot;:&quot;27075&quot;,&quot;type&quot;:&quot;RAYON&quot;,&quot;picto&quot;:null,&quot;level&quot;:2,&quot;sellerId&quot;:null,&quot;slug&quot;:&quot;champagnes-petillants&quot;,&quot;selected&quot;:false,&quot;children&quot;:[{&quot;name&quot;:&quot;Champagnes brut et demi-sec&quot;,&quot;code&quot;:&quot;R10F01SF01&quot;,&quot;id&quot;:&quot;28399&quot;,&quot;type&quot;:&quot;RAYON&quot;,&quot;picto&quot;:null,&quot;level&quot;:3,&quot;sellerId&quot;:null,&quot;slug&quot;:&quot;champagnes-brut-demi-sec&quot;,&quot;selected&quot;:false,&quot;children&quot;:null,&quot;layers&quot;:&quot;\/navigation\/28399\/layers&quot;,&quot;link&quot;:&quot;\/r\/boissons\/champagnes-petillants\/champagnes-brut-demi-sec&quot;},{&quot;name&quot;:&quot;Champagnes ros\u00e9s&quot;,&quot;code&quot;:&quot;R10F01SF02&quot;,&quot;id&quot;:&quot;27109&quot;,&quot;type&quot;:&quot;RAYON&quot;,&quot;picto&quot;:null,&quot;level&quot;:3,&quot;sellerId&quot;:null,&quot;slug&quot;:&quot;champagnes-roses&quot;,&quot;selected&quot;:false,&quot;children&quot;:null,&quot;layers&quot;:&quot;\/navigation\/27109\/layers&quot;,&quot;link&quot;:&quot;\/r\/boissons\/champagnes-petillants\/champagnes-roses&quot;},{&quot;name&quot;:&quot;Vins p\u00e9tillants et Mousseux&quot;,&quot;code&quot;:&quot;R10F01SF03&quot;,&quot;id&quot;:&quot;27110&quot;,&quot;type&quot;:&quot;RAYON&quot;,&quot;picto&quot;:null,&quot;level&quot;:3,&quot;sellerId&quot;:null,&quot;slug&quot;:&quot;vins-petillants-mousseux&quot;,&quot;selected&quot;:false,&quot;children&quot;:[{&quot;name&quot;:&quot;Mousseux&quot;,&quot;code&quot;:&quot;R10F01SF03SS01&quot;,&quot;id&quot;:&quot;28381&quot;,&quot;type&quot;:&quot;RAYON&quot;,&quot;picto&quot;:null,&quot;level&quot;:4,&quot;sellerId&quot;:null,&quot;slug&quot;:&quot;mousseux&quot;,&quot;selected&quot;:false,&quot;children&quot;:null,&quot;layers&quot;:&quot;\/navigation\/28381\/layers&quot;,&quot;link&quot;:&quot;\/r\/boissons\/champagnes-petillants\/vins-petillants-mousseux\/mousseux&quot;},{&quot;name&quot;:&quot;Cr\u00e9mants&quot;,&quot;code&quot;:&quot;R10F01SF03SS02&quot;,&quot;id&quot;:&quot;28382&quot;,&quot;type&quot;:&quot;RAYON&quot;,&quot;picto&quot;:null,&quot;level&quot;:4,&quot;sellerId&quot;:null,&quot;slug&quot;:&quot;cremants&quot;,&quot;selected&quot;:false,&quot;children&quot;:null,&quot;layers&quot;:&quot;\/navigation\/28382\/layers&quot;,&quot;link&quot;:&quot;\/r\/boissons\/champagnes-petillants\/vins-petillants-mousseux\/cremants&quot;},{&quot;name&quot;:&quot;Saumur et Vouvray&quot;,&quot;code&quot;:&quot;R10F01SF03SS03&quot;,&quot;id&quot;:&quot;28383&quot;,&quot;type&quot;:&quot;RAYON&quot;,&quot;picto&quot;:null,&quot;level&quot;:4,&quot;sellerId&quot;:null,&quot;slug&quot;:&quot;saumur-vouvray&quot;,&quot;selected&quot;:false,&quot;children&quot;:null,&quot;layers&quot;:&quot;\/navigation\/28383\/layers&quot;,&quot;link&quot;:&quot;\/r\/boissons\/champagnes-petillants\/vins-petillants-mousseux\/saumur-vouvray&quot;},{&quot;name&quot;:&quot;Vins p\u00e9tillants \u00e9trangers&quot;,&quot;code&quot;:&quot;R10F01SF03SS04&quot;,&quot;id&quot;:&quot;28384&quot;,&quot;type&quot;:&quot;RAYON&quot;,&quot;picto&quot;:null,&quot;level&quot;:4,&quot;sellerId&quot;:null,&quot;slug&quot;:&quot;vins-petillants-etrangers&quot;,&quot;selected&quot;:false,&quot;children&quot;:null,&quot;layers&quot;:&quot;\/navigation\/28384\/layers&quot;,&quot;link&quot;:&quot;\/r\/boissons\/champagnes-petillants\/vins-petillants-mousseux\/vins-petillants-etrangers&quot;}],&quot;layers&quot;:&quot;\/navigation\/27110\/layers&quot;,&quot;link&quot;:&quot;\/r\/boissons\/champagnes-petillants\/vins-petillants-mousseux&quot;},{&quot;name&quot;:&quot;Coffrets champagnes&quot;,&quot;code&quot;:&quot;R10F01SF04&quot;,&quot;id&quot;:&quot;28799&quot;,&quot;type&quot;:&quot;RAYON&quot;,&quot;picto&quot;:null,&quot;level&quot;:3,&quot;sellerId&quot;:null,&quot;slug&quot;:&quot;coffrets-champagnes&quot;,&quot;selected&quot;:false,&quot;children&quot;:null,&quot;layers&quot;:&quot;\/navigation\/28799\/layers&quot;,&quot;link&quot;:&quot;\/r\/boissons\/champagnes-petillants\/coffrets-champagnes&quot;}],&quot;layers&quot;:&quot;\/navigation\/27075\/layers&quot;,&quot;link&quot;:&quot;\/r\/boissons\/champagnes-petillants&quot;},{&quot;name&quot;:&quot;Cave \u00e0 vins&quot;,&quot;code&quot;:&quot;R10F02&quot;,&quot;id&quot;:&quot;27074&quot;,&quot;type&quot;:&quot;RAYON&quot;,&quot;picto&quot;:null,&quot;level&quot;:2,&quot;sellerId&quot;:null,&quot;slug&quot;:&quot;cave-a-vins&quot;,&quot;selected&quot;:false,&quot;children&quot;:[{&quot;name&quot;:&quot;Vins rouges&quot;,&quot;code&quot;:&quot;R10F02SF01&quot;,&quot;id&quot;:&quot;27105&quot;,&quot;type&quot;:&quot;RAYON&quot;,&quot;picto&quot;:null,&quot;level&quot;:3,&quot;sellerId&quot;:null,&quot;slug&quot;:&quot;vins-rouges&quot;,&quot;selected&quot;:false,&quot;children&quot;:[{&quot;name&quot;:&quot;Bordeaux&quot;,&quot;code&quot;:&quot;R10F02SF01SS01&quot;,&quot;id&quot;:&quot;27141&quot;,&quot;type&quot;:&quot;RAYON&quot;,&quot;picto&quot;:null,&quot;level&quot;:4,&quot;sellerId&quot;:null,&quot;slug&quot;:&quot;bordeaux&quot;,&quot;selected&quot;:false,&quot;children&quot;:null,&quot;layers&quot;:&quot;\/navigation\/27141\/layers&quot;,&quot;link&quot;:&quot;\/r\/boissons\/cave-a-vins\/vins-rouges\/bordeaux&quot;},{&quot;name&quot;:&quot;Vall\u00e9e du Rh\u00f4ne&quot;,&quot;code&quot;:&quot;R10F02SF01SS02&quot;,&quot;id&quot;:&quot;27142&quot;,&quot;type&quot;:&quot;RAYON&quot;,&quot;picto&quot;:null,&quot;level&quot;:4,&quot;sellerId&quot;:null,&quot;slug&quot;:&quot;vallee-du-rhone&quot;,&quot;selected&quot;:false,&quot;children&quot;:null,&quot;layers&quot;:&quot;\/navigation\/27142\/layers&quot;,&quot;link&quot;:&quot;\/r\/boissons\/cave-a-vins\/vins-rouges\/vallee-du-rhone&quot;},{&quot;name&quot;:&quot;Languedoc-Roussillon&quot;,&quot;code&quot;:&quot;R10F02SF01SS03&quot;,&quot;id&quot;:&quot;27143&quot;,&quot;type&quot;:&quot;RAYON&quot;,&quot;picto&quot;:null,&quot;level&quot;:4,&quot;sellerId&quot;:null,&quot;slug&quot;:&quot;languedoc-roussillon&quot;,&quot;selected&quot;:false,&quot;children&quot;:null,&quot;layers&quot;:&quot;\/navigation\/27143\/layers&quot;,&quot;link&quot;:&quot;\/r\/boissons\/cave-a-vins\/vins-rouges\/languedoc-roussillon&quot;},{&quot;name&quot;:&quot;Bourgogne&quot;,&quot;code&quot;:&quot;R10F02SF01SS04&quot;,&quot;id&quot;:&quot;27144&quot;,&quot;type&quot;:&quot;RAYON&quot;,&quot;picto&quot;:null,&quot;level&quot;:4,&quot;sellerId&quot;:null,&quot;slug&quot;:&quot;bourgogne&quot;,&quot;selected&quot;:false,&quot;children&quot;:null,&quot;layers&quot;:&quot;\/navigation\/27144\/layers&quot;,&quot;link&quot;:&quot;\/r\/boissons\/cave-a-vins\/vins-rouges\/bourgogne&quot;},{&quot;name&quot;:&quot;Sud-Ouest&quot;,&quot;code&quot;:&quot;R10F02SF01SS05&quot;,&quot;id&quot;:&quot;27145&quot;,&quot;type&quot;:&quot;RAYON&quot;,&quot;picto&quot;:null,&quot;level&quot;:4,&quot;sellerId&quot;:null,&quot;slug&quot;:&quot;sud-ouest&quot;,&quot;selected&quot;:false,&quot;children&quot;:null,&quot;layers&quot;:&quot;\/navigation\/27145\/layers&quot;,&quot;link&quot;:&quot;\/r\/boissons\/cave-a-vins\/vins-rouges\/sud-ouest&quot;},{&quot;name&quot;:&quot;Val de Loire&quot;,&quot;code&quot;:&quot;R10F02SF01SS06&quot;,&quot;id&quot;:&quot;27147&quot;,&quot;type&quot;:&quot;RAYON&quot;,&quot;picto&quot;:null,&quot;level&quot;:4,&quot;sellerId&quot;:null,&quot;slug&quot;:&quot;val-de-loire&quot;,&quot;selected&quot;:false,&quot;children&quot;:null,&quot;layers&quot;:&quot;\/navigation\/27147\/layers&quot;,&quot;link&quot;:&quot;\/r\/boissons\/cave-a-vins\/vins-rouges\/val-de-loire&quot;},{&quot;name&quot;:&quot;Provence et Corse&quot;,&quot;code&quot;:&quot;R10F02SF01SS07&quot;,&quot;id&quot;:&quot;27148&quot;,&quot;type&quot;:&quot;RAYON&quot;,&quot;picto&quot;:null,&quot;level&quot;:4,&quot;sellerId&quot;:null,&quot;slug&quot;:&quot;provence-corse&quot;,&quot;selected&quot;:false,&quot;children&quot;:null,&quot;layers&quot;:&quot;\/navigation\/27148\/layers&quot;,&quot;link&quot;:&quot;\/r\/boissons\/cave-a-vins\/vins-rouges\/provence-corse&quot;},{&quot;name&quot;:&quot;Autres r\u00e9gions&quot;,&quot;code&quot;:&quot;R10F02SF01SS08&quot;,&quot;id&quot;:&quot;27149&quot;,&quot;type&quot;:&quot;RAYON&quot;,&quot;picto&quot;:null,&quot;level&quot;:4,&quot;sellerId&quot;:null,&quot;slug&quot;:&quot;autres-regions&quot;,&quot;selected&quot;:false,&quot;children&quot;:null,&quot;layers&quot;:&quot;\/navigation\/27149\/layers&quot;,&quot;link&quot;:&quot;\/r\/boissons\/cave-a-vins\/vins-rouges\/autres-regions&quot;},{&quot;name&quot;:&quot;Beaujolais&quot;,&quot;code&quot;:&quot;R10F02SF01SS09&quot;,&quot;id&quot;:&quot;27146&quot;,&quot;type&quot;:&quot;RAYON&quot;,&quot;picto&quot;:null,&quot;level&quot;:4,&quot;sellerId&quot;:null,&quot;slug&quot;:&quot;beaujolais&quot;,&quot;selected&quot;:false,&quot;children&quot;:null,&quot;layers&quot;:&quot;\/navigation\/27146\/layers&quot;,&quot;link&quot;:&quot;\/r\/boissons\/cave-a-vins\/vins-rouges\/beaujolais&quot;},{&quot;name&quot;:&quot;Vins de pays et Vins de table rouge&quot;,&quot;code&quot;:&quot;R10F02SF01SS10&quot;,&quot;id&quot;:&quot;27150&quot;,&quot;type&quot;:&quot;RAYON&quot;,&quot;picto&quot;:null,&quot;level&quot;:4,&quot;sellerId&quot;:null,&quot;slug&quot;:&quot;vins-de-pays-vins-de-table-rouge&quot;,&quot;selected&quot;:false,&quot;children&quot;:null,&quot;layers&quot;:&quot;\/navigation\/27150\/layers&quot;,&quot;link&quot;:&quot;\/r\/boissons\/cave-a-vins\/vins-rouges\/vins-de-pays-vins-de-table-rouge&quot;}],&quot;layers&quot;:&quot;\/navigation\/27105\/layers&quot;,&quot;link&quot;:&quot;\/r\/boissons\/cave-a-vins\/vins-rouges&quot;},{&quot;name&quot;:&quot;Vins blancs&quot;,&quot;code&quot;:&quot;R10F02SF02&quot;,&quot;id&quot;:&quot;27106&quot;,&quot;type&quot;:&quot;RAYON&quot;,&quot;picto&quot;:null,&quot;level&quot;:3,&quot;sellerId&quot;:null,&quot;slug&quot;:&quot;vins-blancs&quot;,&quot;selected&quot;:false,&quot;children&quot;:[{&quot;name&quot;:&quot;Bourgogne&quot;,&quot;code&quot;:&quot;R10F02SF02SS01&quot;,&quot;id&quot;:&quot;27151&quot;,&quot;type&quot;:&quot;RAYON&quot;,&quot;picto&quot;:null,&quot;level&quot;:4,&quot;sellerId&quot;:null,&quot;slug&quot;:&quot;bourgogne&quot;,&quot;selected&quot;:false,&quot;children&quot;:null,&quot;layers&quot;:&quot;\/navigation\/27151\/layers&quot;,&quot;link&quot;:&quot;\/r\/boissons\/cave-a-vins\/vins-blancs\/bourgogne&quot;},{&quot;name&quot;:&quot;Alsace&quot;,&quot;code&quot;:&quot;R10F02SF02SS02&quot;,&quot;id&quot;:&quot;27152&quot;,&quot;type&quot;:&quot;RAYON&quot;,&quot;picto&quot;:null,&quot;level&quot;:4,&quot;sellerId&quot;:null,&quot;slug&quot;:&quot;alsace&quot;,&quot;selected&quot;:false,&quot;children&quot;:null,&quot;layers&quot;:&quot;\/navigation\/27152\/layers&quot;,&quot;link&quot;:&quot;\/r\/boissons\/cave-a-vins\/vins-blancs\/alsace&quot;},{&quot;name&quot;:&quot;Val de Loire&quot;,&quot;code&quot;:&quot;R10F02SF02SS03&quot;,&quot;id&quot;:&quot;27153&quot;,&quot;type&quot;:&quot;RAYON&quot;,&quot;picto&quot;:null,&quot;level&quot;:4,&quot;sellerId&quot;:null,&quot;slug&quot;:&quot;val-de-loire&quot;,&quot;selected&quot;:false,&quot;children&quot;:null,&quot;layers&quot;:&quot;\/navigation\/27153\/layers&quot;,&quot;link&quot;:&quot;\/r\/boissons\/cave-a-vins\/vins-blancs\/val-de-loire&quot;},{&quot;name&quot;:&quot;Bordeaux&quot;,&quot;code&quot;:&quot;R10F02SF02SS04&quot;,&quot;id&quot;:&quot;27154&quot;,&quot;type&quot;:&quot;RAYON&quot;,&quot;picto&quot;:null,&quot;level&quot;:4,&quot;sellerId&quot;:null,&quot;slug&quot;:&quot;bordeaux&quot;,&quot;selected&quot;:false,&quot;children&quot;:null,&quot;layers&quot;:&quot;\/navigation\/27154\/layers&quot;,&quot;link&quot;:&quot;\/r\/boissons\/cave-a-vins\/vins-blancs\/bordeaux&quot;},{&quot;name&quot;:&quot;Languedoc-Roussillon&quot;,&quot;code&quot;:&quot;R10F02SF02SS05&quot;,&quot;id&quot;:&quot;27155&quot;,&quot;type&quot;:&quot;RAYON&quot;,&quot;picto&quot;:null,&quot;level&quot;:4,&quot;sellerId&quot;:null,&quot;slug&quot;:&quot;languedoc-roussillon&quot;,&quot;selected&quot;:false,&quot;children&quot;:null,&quot;layers&quot;:&quot;\/navigation\/27155\/layers&quot;,&quot;link&quot;:&quot;\/r\/boissons\/cave-a-vins\/vins-blancs\/languedoc-roussillon&quot;},{&quot;name&quot;:&quot;Sud-Ouest&quot;,&quot;code&quot;:&quot;R10F02SF02SS06&quot;,&quot;id&quot;:&quot;27156&quot;,&quot;type&quot;:&quot;RAYON&quot;,&quot;picto&quot;:null,&quot;level&quot;:4,&quot;sellerId&quot;:null,&quot;slug&quot;:&quot;sud-ouest&quot;,&quot;selected&quot;:false,&quot;children&quot;:null,&quot;layers&quot;:&quot;\/navigation\/27156\/layers&quot;,&quot;link&quot;:&quot;\/r\/boissons\/cave-a-vins\/vins-blancs\/sud-ouest&quot;},{&quot;name&quot;:&quot;Vall\u00e9e du Rh\u00f4ne&quot;,&quot;code&quot;:&quot;R10F02SF02SS07&quot;,&quot;id&quot;:&quot;27157&quot;,&quot;type&quot;:&quot;RAYON&quot;,&quot;picto&quot;:null,&quot;level&quot;:4,&quot;sellerId&quot;:null,&quot;slug&quot;:&quot;vallee-du-rhone&quot;,&quot;selected&quot;:false,&quot;children&quot;:null,&quot;layers&quot;:&quot;\/navigation\/27157\/layers&quot;,&quot;link&quot;:&quot;\/r\/boissons\/cave-a-vins\/vins-blancs\/vallee-du-rhone&quot;},{&quot;name&quot;:&quot;Provence et Corse&quot;,&quot;code&quot;:&quot;R10F02SF02SS08&quot;,&quot;id&quot;:&quot;27158&quot;,&quot;type&quot;:&quot;RAYON&quot;,&quot;picto&quot;:null,&quot;level&quot;:4,&quot;sellerId&quot;:null,&quot;slug&quot;:&quot;provence-corse&quot;,&quot;selected&quot;:false,&quot;children&quot;:null,&quot;layers&quot;:&quot;\/navigation\/27158\/layers&quot;,&quot;link&quot;:&quot;\/r\/boissons\/cave-a-vins\/vins-blancs\/provence-corse&quot;},{&quot;name&quot;:&quot;Autres r\u00e9gions&quot;,&quot;code&quot;:&quot;R10F02SF02SS09&quot;,&quot;id&quot;:&quot;27159&quot;,&quot;type&quot;:&quot;RAYON&quot;,&quot;picto&quot;:null,&quot;level&quot;:4,&quot;sellerId&quot;:null,&quot;slug&quot;:&quot;autres-regions&quot;,&quot;selected&quot;:false,&quot;children&quot;:null,&quot;layers&quot;:&quot;\/navigation\/27159\/layers&quot;,&quot;link&quot;:&quot;\/r\/boissons\/cave-a-vins\/vins-blancs\/autres-regions&quot;},{&quot;name&quot;:&quot;Vins de pays et Vins de table blanc&quot;,&quot;code&quot;:&quot;R10F02SF02SS10&quot;,&quot;id&quot;:&quot;27160&quot;,&quot;type&quot;:&quot;RAYON&quot;,&quot;picto&quot;:null,&quot;level&quot;:4,&quot;sellerId&quot;:null,&quot;slug&quot;:&quot;vins-de-pays-vins-de-table-blanc&quot;,&quot;selected&quot;:false,&quot;children&quot;:null,&quot;layers&quot;:&quot;\/navigation\/27160\/layers&quot;,&quot;link&quot;:&quot;\/r\/boissons\/cave-a-vins\/vins-blancs\/vins-de-pays-vins-de-table-blanc&quot;}],&quot;layers&quot;:&quot;\/navigation\/27106\/layers&quot;,&quot;link&quot;:&quot;\/r\/boissons\/cave-a-vins\/vins-blancs&quot;},{&quot;name&quot;:&quot;Vins ros\u00e9s&quot;,&quot;code&quot;:&quot;R10F02SF03&quot;,&quot;id&quot;:&quot;27107&quot;,&quot;type&quot;:&quot;RAYON&quot;,&quot;picto&quot;:null,&quot;level&quot;:3,&quot;sellerId&quot;:null,&quot;slug&quot;:&quot;vins-roses&quot;,&quot;selected&quot;:false,&quot;children&quot;:[{&quot;name&quot;:&quot;Provence&quot;,&quot;code&quot;:&quot;R10F02SF03SS01&quot;,&quot;id&quot;:&quot;28272&quot;,&quot;type&quot;:&quot;RAYON&quot;,&quot;picto&quot;:null,&quot;level&quot;:4,&quot;sellerId&quot;:null,&quot;slug&quot;:&quot;provence&quot;,&quot;selected&quot;:false,&quot;children&quot;:null,&quot;layers&quot;:&quot;\/navigation\/28272\/layers&quot;,&quot;link&quot;:&quot;\/r\/boissons\/cave-a-vins\/vins-roses\/provence&quot;},{&quot;name&quot;:&quot;Corse&quot;,&quot;code&quot;:&quot;R10F02SF03SS02&quot;,&quot;id&quot;:&quot;28273&quot;,&quot;type&quot;:&quot;RAYON&quot;,&quot;picto&quot;:null,&quot;level&quot;:4,&quot;sellerId&quot;:null,&quot;slug&quot;:&quot;corse&quot;,&quot;selected&quot;:false,&quot;children&quot;:null,&quot;layers&quot;:&quot;\/navigation\/28273\/layers&quot;,&quot;link&quot;:&quot;\/r\/boissons\/cave-a-vins\/vins-roses\/corse&quot;},{&quot;name&quot;:&quot;Languedoc-Roussillon&quot;,&quot;code&quot;:&quot;R10F02SF03SS03&quot;,&quot;id&quot;:&quot;27162&quot;,&quot;type&quot;:&quot;RAYON&quot;,&quot;picto&quot;:null,&quot;level&quot;:4,&quot;sellerId&quot;:null,&quot;slug&quot;:&quot;languedoc-roussillon&quot;,&quot;selected&quot;:false,&quot;children&quot;:null,&quot;layers&quot;:&quot;\/navigation\/27162\/layers&quot;,&quot;link&quot;:&quot;\/r\/boissons\/cave-a-vins\/vins-roses\/languedoc-roussillon&quot;},{&quot;name&quot;:&quot;Val de Loire&quot;,&quot;code&quot;:&quot;R10F02SF03SS04&quot;,&quot;id&quot;:&quot;27163&quot;,&quot;type&quot;:&quot;RAYON&quot;,&quot;picto&quot;:null,&quot;level&quot;:4,&quot;sellerId&quot;:null,&quot;slug&quot;:&quot;val-de-loire&quot;,&quot;selected&quot;:false,&quot;children&quot;:null,&quot;layers&quot;:&quot;\/navigation\/27163\/layers&quot;,&quot;link&quot;:&quot;\/r\/boissons\/cave-a-vins\/vins-roses\/val-de-loire&quot;},{&quot;name&quot;:&quot;Autres r\u00e9gions&quot;,&quot;code&quot;:&quot;R10F02SF03SS05&quot;,&quot;id&quot;:&quot;27164&quot;,&quot;type&quot;:&quot;RAYON&quot;,&quot;picto&quot;:null,&quot;level&quot;:4,&quot;sellerId&quot;:null,&quot;slug&quot;:&quot;autres-regions&quot;,&quot;selected&quot;:false,&quot;children&quot;:null,&quot;layers&quot;:&quot;\/navigation\/27164\/layers&quot;,&quot;link&quot;:&quot;\/r\/boissons\/cave-a-vins\/vins-roses\/autres-regions&quot;},{&quot;name&quot;:&quot;Vins de pays et Vins de table ros\u00e9&quot;,&quot;code&quot;:&quot;R10F02SF03SS06&quot;,&quot;id&quot;:&quot;27165&quot;,&quot;type&quot;:&quot;RAYON&quot;,&quot;picto&quot;:null,&quot;level&quot;:4,&quot;sellerId&quot;:null,&quot;slug&quot;:&quot;vins-de-pays-vins-de-table-rose&quot;,&quot;selected&quot;:false,&quot;children&quot;:null,&quot;layers&quot;:&quot;\/navigation\/27165\/layers&quot;,&quot;link&quot;:&quot;\/r\/boissons\/cave-a-vins\/vins-roses\/vins-de-pays-vins-de-table-rose&quot;}],&quot;layers&quot;:&quot;\/navigation\/27107\/layers&quot;,&quot;link&quot;:&quot;\/r\/boissons\/cave-a-vins\/vins-roses&quot;},{&quot;name&quot;:&quot;Vins \u00e9trangers&quot;,&quot;code&quot;:&quot;R10F02SF04&quot;,&quot;id&quot;:&quot;27139&quot;,&quot;type&quot;:&quot;RAYON&quot;,&quot;picto&quot;:null,&quot;level&quot;:3,&quot;sellerId&quot;:null,&quot;slug&quot;:&quot;vins-etrangers&quot;,&quot;selected&quot;:false,&quot;children&quot;:null,&quot;layers&quot;:&quot;\/navigation\/27139\/layers&quot;,&quot;link&quot;:&quot;\/r\/boissons\/cave-a-vins\/vins-etrangers&quot;},{&quot;name&quot;:&quot;Fontaines \u00e0 vins&quot;,&quot;code&quot;:&quot;R10F02SF05&quot;,&quot;id&quot;:&quot;27140&quot;,&quot;type&quot;:&quot;RAYON&quot;,&quot;picto&quot;:null,&quot;level&quot;:3,&quot;sellerId&quot;:null,&quot;slug&quot;:&quot;fontaines-vins&quot;,&quot;selected&quot;:false,&quot;children&quot;:null,&quot;layers&quot;:&quot;\/navigation\/27140\/layers&quot;,&quot;link&quot;:&quot;\/r\/boissons\/cave-a-vins\/fontaines-vins&quot;}],&quot;layers&quot;:&quot;\/navigation\/27074\/layers&quot;,&quot;link&quot;:&quot;\/r\/boissons\/cave-a-vins&quot;},{&quot;name&quot;:&quot;Bi\u00e8res et Cidres&quot;,&quot;code&quot;:&quot;R10F03&quot;,&quot;id&quot;:&quot;27076&quot;,&quot;type&quot;:&quot;RAYON&quot;,&quot;picto&quot;:null,&quot;level&quot;:2,&quot;sellerId&quot;:null,&quot;slug&quot;:&quot;bieres-cidres&quot;,&quot;selected&quot;:false,&quot;children&quot;:[{&quot;name&quot;:&quot;Coffrets bi\u00e8res et Calendriers de l&#039;avent &quot;,&quot;code&quot;:&quot;R10F03SF01&quot;,&quot;id&quot;:&quot;27117&quot;,&quot;type&quot;:&quot;RAYON&quot;,&quot;picto&quot;:null,&quot;level&quot;:3,&quot;sellerId&quot;:null,&quot;slug&quot;:&quot;coffrets-bieres&quot;,&quot;selected&quot;:false,&quot;children&quot;:[{&quot;name&quot;:&quot;Coffrets bi\u00e8res&quot;,&quot;code&quot;:&quot;R10F03SF01SS01&quot;,&quot;id&quot;:&quot;28387&quot;,&quot;type&quot;:&quot;RAYON&quot;,&quot;picto&quot;:null,&quot;level&quot;:4,&quot;sellerId&quot;:null,&quot;slug&quot;:&quot;coffrets-bieres&quot;,&quot;selected&quot;:false,&quot;children&quot;:null,&quot;layers&quot;:&quot;\/navigation\/28387\/layers&quot;,&quot;link&quot;:&quot;\/r\/boissons\/bieres-cidres\/coffrets-bieres\/coffrets-bieres&quot;}],&quot;layers&quot;:&quot;\/navigation\/27117\/layers&quot;,&quot;link&quot;:&quot;\/r\/boissons\/bieres-cidres\/coffrets-bieres&quot;},{&quot;name&quot;:&quot;Cave \u00e0 bi\u00e8res&quot;,&quot;code&quot;:&quot;R10F03SF02&quot;,&quot;id&quot;:&quot;28118&quot;,&quot;type&quot;:&quot;RAYON&quot;,&quot;picto&quot;:null,&quot;level&quot;:3,&quot;sellerId&quot;:null,&quot;slug&quot;:&quot;cave-a-bieres&quot;,&quot;selected&quot;:false,&quot;children&quot;:null,&quot;layers&quot;:&quot;\/navigation\/28118\/layers&quot;,&quot;link&quot;:&quot;\/r\/boissons\/bieres-cidres\/cave-a-bieres&quot;},{&quot;name&quot;:&quot;Bi\u00e8res blondes&quot;,&quot;code&quot;:&quot;R10F03SF03&quot;,&quot;id&quot;:&quot;27112&quot;,&quot;type&quot;:&quot;RAYON&quot;,&quot;picto&quot;:null,&quot;level&quot;:3,&quot;sellerId&quot;:null,&quot;slug&quot;:&quot;bieres-blondes&quot;,&quot;selected&quot;:false,&quot;children&quot;:null,&quot;layers&quot;:&quot;\/navigation\/27112\/layers&quot;,&quot;link&quot;:&quot;\/r\/boissons\/bieres-cidres\/bieres-blondes&quot;},{&quot;name&quot;:&quot;Bi\u00e8res blanches&quot;,&quot;code&quot;:&quot;R10F03SF04&quot;,&quot;id&quot;:&quot;28386&quot;,&quot;type&quot;:&quot;RAYON&quot;,&quot;picto&quot;:null,&quot;level&quot;:3,&quot;sellerId&quot;:null,&quot;slug&quot;:&quot;bieres-blanches&quot;,&quot;selected&quot;:false,&quot;children&quot;:null,&quot;layers&quot;:&quot;\/navigation\/28386\/layers&quot;,&quot;link&quot;:&quot;\/r\/boissons\/bieres-cidres\/bieres-blanches&quot;},{&quot;name&quot;:&quot;Bi\u00e8res ar\u00f4matis\u00e9es&quot;,&quot;code&quot;:&quot;R10F03SF05&quot;,&quot;id&quot;:&quot;28385&quot;,&quot;type&quot;:&quot;RAYON&quot;,&quot;picto&quot;:null,&quot;level&quot;:3,&quot;sellerId&quot;:null,&quot;slug&quot;:&quot;bieres-aromatisees&quot;,&quot;selected&quot;:false,&quot;children&quot;:null,&quot;layers&quot;:&quot;\/navigation\/28385\/layers&quot;,&quot;link&quot;:&quot;\/r\/boissons\/bieres-cidres\/bieres-aromatisees&quot;},{&quot;name&quot;:&quot;Bi\u00e8res brunes et ambr\u00e9es&quot;,&quot;code&quot;:&quot;R10F03SF06&quot;,&quot;id&quot;:&quot;27114&quot;,&quot;type&quot;:&quot;RAYON&quot;,&quot;picto&quot;:null,&quot;level&quot;:3,&quot;sellerId&quot;:null,&quot;slug&quot;:&quot;bieres-brunes-ambrees&quot;,&quot;selected&quot;:false,&quot;children&quot;:null,&quot;layers&quot;:&quot;\/navigation\/27114\/layers&quot;,&quot;link&quot;:&quot;\/r\/boissons\/bieres-cidres\/bieres-brunes-ambrees&quot;},{&quot;name&quot;:&quot;Bi\u00e8res d&#039;Abbaye&quot;,&quot;code&quot;:&quot;R10F03SF07&quot;,&quot;id&quot;:&quot;28117&quot;,&quot;type&quot;:&quot;RAYON&quot;,&quot;picto&quot;:null,&quot;level&quot;:3,&quot;sellerId&quot;:null,&quot;slug&quot;:&quot;bieres-abbaye&quot;,&quot;selected&quot;:false,&quot;children&quot;:null,&quot;layers&quot;:&quot;\/navigation\/28117\/layers&quot;,&quot;link&quot;:&quot;\/r\/boissons\/bieres-cidres\/bieres-abbaye&quot;},{&quot;name&quot;:&quot;Bi\u00e8res sans alcool et Panach\u00e9s&quot;,&quot;code&quot;:&quot;R10F03SF08&quot;,&quot;id&quot;:&quot;27115&quot;,&quot;type&quot;:&quot;RAYON&quot;,&quot;picto&quot;:null,&quot;level&quot;:3,&quot;sellerId&quot;:null,&quot;slug&quot;:&quot;bieres-sans-alcool-panaches&quot;,&quot;selected&quot;:false,&quot;children&quot;:null,&quot;layers&quot;:&quot;\/navigation\/27115\/layers&quot;,&quot;link&quot;:&quot;\/r\/boissons\/bieres-cidres\/bieres-sans-alcool-panaches&quot;},{&quot;name&quot;:&quot;Cidres&quot;,&quot;code&quot;:&quot;R10F03SF09&quot;,&quot;id&quot;:&quot;27116&quot;,&quot;type&quot;:&quot;RAYON&quot;,&quot;picto&quot;:null,&quot;level&quot;:3,&quot;sellerId&quot;:null,&quot;slug&quot;:&quot;cidres&quot;,&quot;selected&quot;:false,&quot;children&quot;:null,&quot;layers&quot;:&quot;\/navigation\/27116\/layers&quot;,&quot;link&quot;:&quot;\/r\/boissons\/bieres-cidres\/cidres&quot;},{&quot;name&quot;:&quot;Hard Seltzer&quot;,&quot;code&quot;:&quot;R10F03SF10&quot;,&quot;id&quot;:&quot;28611&quot;,&quot;type&quot;:&quot;RAYON&quot;,&quot;picto&quot;:null,&quot;level&quot;:3,&quot;sellerId&quot;:null,&quot;slug&quot;:&quot;hard-seltzer&quot;,&quot;selected&quot;:false,&quot;children&quot;:null,&quot;layers&quot;:&quot;\/navigation\/28611\/layers&quot;,&quot;link&quot;:&quot;\/r\/boissons\/bieres-cidres\/hard-seltzer&quot;}],&quot;layers&quot;:&quot;\/navigation\/27076\/layers&quot;,&quot;link&quot;:&quot;\/r\/boissons\/bieres-cidres&quot;},{&quot;name&quot;:&quot;Ap\u00e9ritifs et Spiritueux&quot;,&quot;code&quot;:&quot;R10F04&quot;,&quot;id&quot;:&quot;27077&quot;,&quot;type&quot;:&quot;RAYON&quot;,&quot;picto&quot;:null,&quot;level&quot;:2,&quot;sellerId&quot;:null,&quot;slug&quot;:&quot;aperitifs-et-spiritueux&quot;,&quot;selected&quot;:false,&quot;children&quot;:[{&quot;name&quot;:&quot;Pastis et Anis\u00e9s&quot;,&quot;code&quot;:&quot;R10F04SF01&quot;,&quot;id&quot;:&quot;27122&quot;,&quot;type&quot;:&quot;RAYON&quot;,&quot;picto&quot;:null,&quot;level&quot;:3,&quot;sellerId&quot;:null,&quot;slug&quot;:&quot;pastis-anises&quot;,&quot;selected&quot;:false,&quot;children&quot;:[{&quot;name&quot;:&quot;Pastis&quot;,&quot;code&quot;:&quot;R10F04SF01SS01&quot;,&quot;id&quot;:&quot;28389&quot;,&quot;type&quot;:&quot;RAYON&quot;,&quot;picto&quot;:null,&quot;level&quot;:4,&quot;sellerId&quot;:null,&quot;slug&quot;:&quot;pastis&quot;,&quot;selected&quot;:false,&quot;children&quot;:null,&quot;layers&quot;:&quot;\/navigation\/28389\/layers&quot;,&quot;link&quot;:&quot;\/r\/boissons\/aperitifs-et-spiritueux\/pastis-anises\/pastis&quot;},{&quot;name&quot;:&quot;Absinthes&quot;,&quot;code&quot;:&quot;R10F04SF01SS02&quot;,&quot;id&quot;:&quot;28390&quot;,&quot;type&quot;:&quot;RAYON&quot;,&quot;picto&quot;:null,&quot;level&quot;:4,&quot;sellerId&quot;:null,&quot;slug&quot;:&quot;absinthes&quot;,&quot;selected&quot;:false,&quot;children&quot;:null,&quot;layers&quot;:&quot;\/navigation\/28390\/layers&quot;,&quot;link&quot;:&quot;\/r\/boissons\/aperitifs-et-spiritueux\/pastis-anises\/absinthes&quot;},{&quot;name&quot;:&quot;Anisettes&quot;,&quot;code&quot;:&quot;R10F04SF01SS03&quot;,&quot;id&quot;:&quot;28391&quot;,&quot;type&quot;:&quot;RAYON&quot;,&quot;picto&quot;:null,&quot;level&quot;:4,&quot;sellerId&quot;:null,&quot;slug&quot;:&quot;anisettes&quot;,&quot;selected&quot;:false,&quot;children&quot;:null,&quot;layers&quot;:&quot;\/navigation\/28391\/layers&quot;,&quot;link&quot;:&quot;\/r\/boissons\/aperitifs-et-spiritueux\/pastis-anises\/anisettes&quot;},{&quot;name&quot;:&quot;Ouzo&quot;,&quot;code&quot;:&quot;R10F04SF01SS04&quot;,&quot;id&quot;:&quot;28392&quot;,&quot;type&quot;:&quot;RAYON&quot;,&quot;picto&quot;:null,&quot;level&quot;:4,&quot;sellerId&quot;:null,&quot;slug&quot;:&quot;ouzo&quot;,&quot;selected&quot;:false,&quot;children&quot;:null,&quot;layers&quot;:&quot;\/navigation\/28392\/layers&quot;,&quot;link&quot;:&quot;\/r\/boissons\/aperitifs-et-spiritueux\/pastis-anises\/ouzo&quot;}],&quot;layers&quot;:&quot;\/navigation\/27122\/layers&quot;,&quot;link&quot;:&quot;\/r\/boissons\/aperitifs-et-spiritueux\/pastis-anises&quot;},{&quot;name&quot;:&quot;Rhums&quot;,&quot;code&quot;:&quot;R10F04SF02&quot;,&quot;id&quot;:&quot;27123&quot;,&quot;type&quot;:&quot;RAYON&quot;,&quot;picto&quot;:null,&quot;level&quot;:3,&quot;sellerId&quot;:null,&quot;slug&quot;:&quot;rhums&quot;,&quot;selected&quot;:false,&quot;children&quot;:[{&quot;name&quot;:&quot;Rhums blancs&quot;,&quot;code&quot;:&quot;R10F04SF02SS01&quot;,&quot;id&quot;:&quot;27129&quot;,&quot;type&quot;:&quot;RAYON&quot;,&quot;picto&quot;:null,&quot;level&quot;:4,&quot;sellerId&quot;:null,&quot;slug&quot;:&quot;rhums-blancs&quot;,&quot;selected&quot;:false,&quot;children&quot;:null,&quot;layers&quot;:&quot;\/navigation\/27129\/layers&quot;,&quot;link&quot;:&quot;\/r\/boissons\/aperitifs-et-spiritueux\/rhums\/rhums-blancs&quot;},{&quot;name&quot;:&quot;Rhums ambr\u00e9s&quot;,&quot;code&quot;:&quot;R10F04SF02SS02&quot;,&quot;id&quot;:&quot;27130&quot;,&quot;type&quot;:&quot;RAYON&quot;,&quot;picto&quot;:null,&quot;level&quot;:4,&quot;sellerId&quot;:null,&quot;slug&quot;:&quot;rhums-ambres&quot;,&quot;selected&quot;:false,&quot;children&quot;:null,&quot;layers&quot;:&quot;\/navigation\/27130\/layers&quot;,&quot;link&quot;:&quot;\/r\/boissons\/aperitifs-et-spiritueux\/rhums\/rhums-ambres&quot;},{&quot;name&quot;:&quot;Rhums arrang\u00e9s et \u00e9pic\u00e9s&quot;,&quot;code&quot;:&quot;R10F04SF02SS03&quot;,&quot;id&quot;:&quot;27131&quot;,&quot;type&quot;:&quot;RAYON&quot;,&quot;picto&quot;:null,&quot;level&quot;:4,&quot;sellerId&quot;:null,&quot;slug&quot;:&quot;rhums-arranges-epices&quot;,&quot;selected&quot;:false,&quot;children&quot;:null,&quot;layers&quot;:&quot;\/navigation\/27131\/layers&quot;,&quot;link&quot;:&quot;\/r\/boissons\/aperitifs-et-spiritueux\/rhums\/rhums-arranges-epices&quot;}],&quot;layers&quot;:&quot;\/navigation\/27123\/layers&quot;,&quot;link&quot;:&quot;\/r\/boissons\/aperitifs-et-spiritueux\/rhums&quot;},{&quot;name&quot;:&quot;Vodka&quot;,&quot;code&quot;:&quot;R10F04SF03&quot;,&quot;id&quot;:&quot;27132&quot;,&quot;type&quot;:&quot;RAYON&quot;,&quot;picto&quot;:null,&quot;level&quot;:3,&quot;sellerId&quot;:null,&quot;slug&quot;:&quot;vodka&quot;,&quot;selected&quot;:false,&quot;children&quot;:null,&quot;layers&quot;:&quot;\/navigation\/27132\/layers&quot;,&quot;link&quot;:&quot;\/r\/boissons\/aperitifs-et-spiritueux\/vodka&quot;},{&quot;name&quot;:&quot;Gins et Tequila&quot;,&quot;code&quot;:&quot;R10F04SF04&quot;,&quot;id&quot;:&quot;28398&quot;,&quot;type&quot;:&quot;RAYON&quot;,&quot;picto&quot;:null,&quot;level&quot;:3,&quot;sellerId&quot;:null,&quot;slug&quot;:&quot;gins-tequila&quot;,&quot;selected&quot;:false,&quot;children&quot;:[{&quot;name&quot;:&quot;Gin&quot;,&quot;code&quot;:&quot;R10F04SF04SS01&quot;,&quot;id&quot;:&quot;27133&quot;,&quot;type&quot;:&quot;RAYON&quot;,&quot;picto&quot;:null,&quot;level&quot;:4,&quot;sellerId&quot;:null,&quot;slug&quot;:&quot;gin&quot;,&quot;selected&quot;:false,&quot;children&quot;:null,&quot;layers&quot;:&quot;\/navigation\/27133\/layers&quot;,&quot;link&quot;:&quot;\/r\/boissons\/aperitifs-et-spiritueux\/gins-tequila\/gin&quot;},{&quot;name&quot;:&quot;Tequila&quot;,&quot;code&quot;:&quot;R10F04SF04SS02&quot;,&quot;id&quot;:&quot;27134&quot;,&quot;type&quot;:&quot;RAYON&quot;,&quot;picto&quot;:null,&quot;level&quot;:4,&quot;sellerId&quot;:null,&quot;slug&quot;:&quot;tequila&quot;,&quot;selected&quot;:false,&quot;children&quot;:null,&quot;layers&quot;:&quot;\/navigation\/27134\/layers&quot;,&quot;link&quot;:&quot;\/r\/boissons\/aperitifs-et-spiritueux\/gins-tequila\/tequila&quot;}],&quot;layers&quot;:&quot;\/navigation\/28398\/layers&quot;,&quot;link&quot;:&quot;\/r\/boissons\/aperitifs-et-spiritueux\/gins-tequila&quot;},{&quot;name&quot;:&quot;Vin doux, Portos et Amers&quot;,&quot;code&quot;:&quot;R10F04SF05&quot;,&quot;id&quot;:&quot;27128&quot;,&quot;type&quot;:&quot;RAYON&quot;,&quot;picto&quot;:null,&quot;level&quot;:3,&quot;sellerId&quot;:null,&quot;slug&quot;:&quot;vin-doux-portos-amers&quot;,&quot;selected&quot;:false,&quot;children&quot;:[{&quot;name&quot;:&quot;Vins doux&quot;,&quot;code&quot;:&quot;R10F04SF05SS01&quot;,&quot;id&quot;:&quot;27135&quot;,&quot;type&quot;:&quot;RAYON&quot;,&quot;picto&quot;:null,&quot;level&quot;:4,&quot;sellerId&quot;:null,&quot;slug&quot;:&quot;vins-doux&quot;,&quot;selected&quot;:false,&quot;children&quot;:null,&quot;layers&quot;:&quot;\/navigation\/27135\/layers&quot;,&quot;link&quot;:&quot;\/r\/boissons\/aperitifs-et-spiritueux\/vin-doux-portos-amers\/vins-doux&quot;},{&quot;name&quot;:&quot;Portos&quot;,&quot;code&quot;:&quot;R10F04SF05SS02&quot;,&quot;id&quot;:&quot;27136&quot;,&quot;type&quot;:&quot;RAYON&quot;,&quot;picto&quot;:null,&quot;level&quot;:4,&quot;sellerId&quot;:null,&quot;slug&quot;:&quot;portos&quot;,&quot;selected&quot;:false,&quot;children&quot;:null,&quot;layers&quot;:&quot;\/navigation\/27136\/layers&quot;,&quot;link&quot;:&quot;\/r\/boissons\/aperitifs-et-spiritueux\/vin-doux-portos-amers\/portos&quot;},{&quot;name&quot;:&quot;Amers&quot;,&quot;code&quot;:&quot;R10F04SF05SS03&quot;,&quot;id&quot;:&quot;27137&quot;,&quot;type&quot;:&quot;RAYON&quot;,&quot;picto&quot;:null,&quot;level&quot;:4,&quot;sellerId&quot;:null,&quot;slug&quot;:&quot;amers&quot;,&quot;selected&quot;:false,&quot;children&quot;:null,&quot;layers&quot;:&quot;\/navigation\/27137\/layers&quot;,&quot;link&quot;:&quot;\/r\/boissons\/aperitifs-et-spiritueux\/vin-doux-portos-amers\/amers&quot;}],&quot;layers&quot;:&quot;\/navigation\/27128\/layers&quot;,&quot;link&quot;:&quot;\/r\/boissons\/aperitifs-et-spiritueux\/vin-doux-portos-amers&quot;},{&quot;name&quot;:&quot;Whisky&quot;,&quot;code&quot;:&quot;R10F04SF06&quot;,&quot;id&quot;:&quot;27169&quot;,&quot;type&quot;:&quot;RAYON&quot;,&quot;picto&quot;:null,&quot;level&quot;:3,&quot;sellerId&quot;:null,&quot;slug&quot;:&quot;whisky&quot;,&quot;selected&quot;:false,&quot;children&quot;:[{&quot;name&quot;:&quot;Blended whisky&quot;,&quot;code&quot;:&quot;R10F04SF06SS01&quot;,&quot;id&quot;:&quot;27170&quot;,&quot;type&quot;:&quot;RAYON&quot;,&quot;picto&quot;:null,&quot;level&quot;:4,&quot;sellerId&quot;:null,&quot;slug&quot;:&quot;blended-whisky&quot;,&quot;selected&quot;:false,&quot;children&quot;:null,&quot;layers&quot;:&quot;\/navigation\/27170\/layers&quot;,&quot;link&quot;:&quot;\/r\/boissons\/aperitifs-et-spiritueux\/whisky\/blended-whisky&quot;},{&quot;name&quot;:&quot;Whisky bourbon&quot;,&quot;code&quot;:&quot;R10F04SF06SS02&quot;,&quot;id&quot;:&quot;27171&quot;,&quot;type&quot;:&quot;RAYON&quot;,&quot;picto&quot;:null,&quot;level&quot;:4,&quot;sellerId&quot;:null,&quot;slug&quot;:&quot;whisky-bourbon&quot;,&quot;selected&quot;:false,&quot;children&quot;:null,&quot;layers&quot;:&quot;\/navigation\/27171\/layers&quot;,&quot;link&quot;:&quot;\/r\/boissons\/aperitifs-et-spiritueux\/whisky\/whisky-bourbon&quot;},{&quot;name&quot;:&quot;Whisky single malt&quot;,&quot;code&quot;:&quot;R10F04SF06SS03&quot;,&quot;id&quot;:&quot;27180&quot;,&quot;type&quot;:&quot;RAYON&quot;,&quot;picto&quot;:null,&quot;level&quot;:4,&quot;sellerId&quot;:null,&quot;slug&quot;:&quot;whisky-single-malt&quot;,&quot;selected&quot;:false,&quot;children&quot;:null,&quot;layers&quot;:&quot;\/navigation\/27180\/layers&quot;,&quot;link&quot;:&quot;\/r\/boissons\/aperitifs-et-spiritueux\/whisky\/whisky-single-malt&quot;}],&quot;layers&quot;:&quot;\/navigation\/27169\/layers&quot;,&quot;link&quot;:&quot;\/r\/boissons\/aperitifs-et-spiritueux\/whisky&quot;},{&quot;name&quot;:&quot;Liqueurs et Digestifs&quot;,&quot;code&quot;:&quot;R10F04SF07&quot;,&quot;id&quot;:&quot;27126&quot;,&quot;type&quot;:&quot;RAYON&quot;,&quot;picto&quot;:null,&quot;level&quot;:3,&quot;sellerId&quot;:null,&quot;slug&quot;:&quot;liqueurs-digestifs&quot;,&quot;selected&quot;:false,&quot;children&quot;:[{&quot;name&quot;:&quot;Cognacs et Armagnacs&quot;,&quot;code&quot;:&quot;R10F04SF07SS01&quot;,&quot;id&quot;:&quot;28393&quot;,&quot;type&quot;:&quot;RAYON&quot;,&quot;picto&quot;:null,&quot;level&quot;:4,&quot;sellerId&quot;:null,&quot;slug&quot;:&quot;cognacs-armagnacs&quot;,&quot;selected&quot;:false,&quot;children&quot;:null,&quot;layers&quot;:&quot;\/navigation\/28393\/layers&quot;,&quot;link&quot;:&quot;\/r\/boissons\/aperitifs-et-spiritueux\/liqueurs-digestifs\/cognacs-armagnacs&quot;},{&quot;name&quot;:&quot;Eaux de vie&quot;,&quot;code&quot;:&quot;R10F04SF07SS02&quot;,&quot;id&quot;:&quot;28394&quot;,&quot;type&quot;:&quot;RAYON&quot;,&quot;picto&quot;:null,&quot;level&quot;:4,&quot;sellerId&quot;:null,&quot;slug&quot;:&quot;eaux-vie&quot;,&quot;selected&quot;:false,&quot;children&quot;:null,&quot;layers&quot;:&quot;\/navigation\/28394\/layers&quot;,&quot;link&quot;:&quot;\/r\/boissons\/aperitifs-et-spiritueux\/liqueurs-digestifs\/eaux-vie&quot;},{&quot;name&quot;:&quot;Cr\u00e8mes de fruits&quot;,&quot;code&quot;:&quot;R10F04SF07SS03&quot;,&quot;id&quot;:&quot;28395&quot;,&quot;type&quot;:&quot;RAYON&quot;,&quot;picto&quot;:null,&quot;level&quot;:4,&quot;sellerId&quot;:null,&quot;slug&quot;:&quot;cremes-fruits&quot;,&quot;selected&quot;:false,&quot;children&quot;:null,&quot;layers&quot;:&quot;\/navigation\/28395\/layers&quot;,&quot;link&quot;:&quot;\/r\/boissons\/aperitifs-et-spiritueux\/liqueurs-digestifs\/cremes-fruits&quot;},{&quot;name&quot;:&quot;Liqueurs&quot;,&quot;code&quot;:&quot;R10F04SF07SS04&quot;,&quot;id&quot;:&quot;28396&quot;,&quot;type&quot;:&quot;RAYON&quot;,&quot;picto&quot;:null,&quot;level&quot;:4,&quot;sellerId&quot;:null,&quot;slug&quot;:&quot;liqueurs&quot;,&quot;selected&quot;:false,&quot;children&quot;:null,&quot;layers&quot;:&quot;\/navigation\/28396\/layers&quot;,&quot;link&quot;:&quot;\/r\/boissons\/aperitifs-et-spiritueux\/liqueurs-digestifs\/liqueurs&quot;}],&quot;layers&quot;:&quot;\/navigation\/27126\/layers&quot;,&quot;link&quot;:&quot;\/r\/boissons\/aperitifs-et-spiritueux\/liqueurs-digestifs&quot;},{&quot;name&quot;:&quot;Punch et Cocktails&quot;,&quot;code&quot;:&quot;R10F04SF08&quot;,&quot;id&quot;:&quot;27125&quot;,&quot;type&quot;:&quot;RAYON&quot;,&quot;picto&quot;:null,&quot;level&quot;:3,&quot;sellerId&quot;:null,&quot;slug&quot;:&quot;punch-cocktails&quot;,&quot;selected&quot;:false,&quot;children&quot;:null,&quot;layers&quot;:&quot;\/navigation\/27125\/layers&quot;,&quot;link&quot;:&quot;\/r\/boissons\/aperitifs-et-spiritueux\/punch-cocktails&quot;},{&quot;name&quot;:&quot;Ap\u00e9ritifs sans alcool&quot;,&quot;code&quot;:&quot;R10F04SF09&quot;,&quot;id&quot;:&quot;27127&quot;,&quot;type&quot;:&quot;RAYON&quot;,&quot;picto&quot;:null,&quot;level&quot;:3,&quot;sellerId&quot;:null,&quot;slug&quot;:&quot;aperitifs-sans-alcool&quot;,&quot;selected&quot;:false,&quot;children&quot;:null,&quot;layers&quot;:&quot;\/navigation\/27127\/layers&quot;,&quot;link&quot;:&quot;\/r\/boissons\/aperitifs-et-spiritueux\/aperitifs-sans-alcool&quot;}],&quot;layers&quot;:&quot;\/navigation\/27077\/layers&quot;,&quot;link&quot;:&quot;\/r\/boissons\/aperitifs-et-spiritueux&quot;},{&quot;name&quot;:&quot;Eaux&quot;,&quot;code&quot;:&quot;R10F05&quot;,&quot;id&quot;:&quot;27071&quot;,&quot;type&quot;:&quot;RAYON&quot;,&quot;picto&quot;:null,&quot;level&quot;:2,&quot;sellerId&quot;:null,&quot;slug&quot;:&quot;eaux&quot;,&quot;selected&quot;:false,&quot;children&quot;:[{&quot;name&quot;:&quot;Eaux plates&quot;,&quot;code&quot;:&quot;R10F05SF01&quot;,&quot;id&quot;:&quot;27078&quot;,&quot;type&quot;:&quot;RAYON&quot;,&quot;picto&quot;:null,&quot;level&quot;:3,&quot;sellerId&quot;:null,&quot;slug&quot;:&quot;eaux-plates&quot;,&quot;selected&quot;:false,&quot;children&quot;:null,&quot;layers&quot;:&quot;\/navigation\/27078\/layers&quot;,&quot;link&quot;:&quot;\/r\/boissons\/eaux\/eaux-plates&quot;},{&quot;name&quot;:&quot;Eaux gazeuses&quot;,&quot;code&quot;:&quot;R10F05SF02&quot;,&quot;id&quot;:&quot;27079&quot;,&quot;type&quot;:&quot;RAYON&quot;,&quot;picto&quot;:null,&quot;level&quot;:3,&quot;sellerId&quot;:null,&quot;slug&quot;:&quot;eaux-gazeuses&quot;,&quot;selected&quot;:false,&quot;children&quot;:null,&quot;layers&quot;:&quot;\/navigation\/27079\/layers&quot;,&quot;link&quot;:&quot;\/r\/boissons\/eaux\/eaux-gazeuses&quot;},{&quot;name&quot;:&quot;Eaux aromatis\u00e9es&quot;,&quot;code&quot;:&quot;R10F05SF03&quot;,&quot;id&quot;:&quot;27080&quot;,&quot;type&quot;:&quot;RAYON&quot;,&quot;picto&quot;:null,&quot;level&quot;:3,&quot;sellerId&quot;:null,&quot;slug&quot;:&quot;eaux-aromatisees&quot;,&quot;selected&quot;:false,&quot;children&quot;:[{&quot;name&quot;:&quot;Eaux plates aromatis\u00e9es&quot;,&quot;code&quot;:&quot;R10F05SF03SS01&quot;,&quot;id&quot;:&quot;28264&quot;,&quot;type&quot;:&quot;RAYON&quot;,&quot;picto&quot;:null,&quot;level&quot;:4,&quot;sellerId&quot;:null,&quot;slug&quot;:&quot;eaux-plates-aromatisees&quot;,&quot;selected&quot;:false,&quot;children&quot;:null,&quot;layers&quot;:&quot;\/navigation\/28264\/layers&quot;,&quot;link&quot;:&quot;\/r\/boissons\/eaux\/eaux-aromatisees\/eaux-plates-aromatisees&quot;},{&quot;name&quot;:&quot;Eaux gazeuses aromatis\u00e9es &quot;,&quot;code&quot;:&quot;R10F05SF03SS02&quot;,&quot;id&quot;:&quot;28265&quot;,&quot;type&quot;:&quot;RAYON&quot;,&quot;picto&quot;:null,&quot;level&quot;:4,&quot;sellerId&quot;:null,&quot;slug&quot;:&quot;eaux-gazeuses-aromatisees&quot;,&quot;selected&quot;:false,&quot;children&quot;:null,&quot;layers&quot;:&quot;\/navigation\/28265\/layers&quot;,&quot;link&quot;:&quot;\/r\/boissons\/eaux\/eaux-aromatisees\/eaux-gazeuses-aromatisees&quot;}],&quot;layers&quot;:&quot;\/navigation\/27080\/layers&quot;,&quot;link&quot;:&quot;\/r\/boissons\/eaux\/eaux-aromatisees&quot;}],&quot;layers&quot;:&quot;\/navigation\/27071\/layers&quot;,&quot;link&quot;:&quot;\/r\/boissons\/eaux&quot;},{&quot;name&quot;:&quot;Jus de fruits et L\u00e9gumes&quot;,&quot;code&quot;:&quot;R10F06&quot;,&quot;id&quot;:&quot;27072&quot;,&quot;type&quot;:&quot;RAYON&quot;,&quot;picto&quot;:null,&quot;level&quot;:2,&quot;sellerId&quot;:null,&quot;slug&quot;:&quot;jus-fruits-legumes&quot;,&quot;selected&quot;:false,&quot;children&quot;:[{&quot;name&quot;:&quot;Jus d&#039;orange et Agrumes&quot;,&quot;code&quot;:&quot;R10F06SF01&quot;,&quot;id&quot;:&quot;27083&quot;,&quot;type&quot;:&quot;RAYON&quot;,&quot;picto&quot;:null,&quot;level&quot;:3,&quot;sellerId&quot;:null,&quot;slug&quot;:&quot;jus-orange-agrumes&quot;,&quot;selected&quot;:false,&quot;children&quot;:[{&quot;name&quot;:&quot;Jus d&#039;orange&quot;,&quot;code&quot;:&quot;R10F06SF01SS01&quot;,&quot;id&quot;:&quot;27084&quot;,&quot;type&quot;:&quot;RAYON&quot;,&quot;picto&quot;:null,&quot;level&quot;:4,&quot;sellerId&quot;:null,&quot;slug&quot;:&quot;jus-orange&quot;,&quot;selected&quot;:false,&quot;children&quot;:null,&quot;layers&quot;:&quot;\/navigation\/27084\/layers&quot;,&quot;link&quot;:&quot;\/r\/boissons\/jus-fruits-legumes\/jus-orange-agrumes\/jus-orange&quot;},{&quot;name&quot;:&quot;Jus de pamplemousse&quot;,&quot;code&quot;:&quot;R10F06SF01SS02&quot;,&quot;id&quot;:&quot;27085&quot;,&quot;type&quot;:&quot;RAYON&quot;,&quot;picto&quot;:null,&quot;level&quot;:4,&quot;sellerId&quot;:null,&quot;slug&quot;:&quot;jus-pamplemousse&quot;,&quot;selected&quot;:false,&quot;children&quot;:null,&quot;layers&quot;:&quot;\/navigation\/27085\/layers&quot;,&quot;link&quot;:&quot;\/r\/boissons\/jus-fruits-legumes\/jus-orange-agrumes\/jus-pamplemousse&quot;},{&quot;name&quot;:&quot;Jus de citron&quot;,&quot;code&quot;:&quot;R10F06SF01SS03&quot;,&quot;id&quot;:&quot;28271&quot;,&quot;type&quot;:&quot;RAYON&quot;,&quot;picto&quot;:null,&quot;level&quot;:4,&quot;sellerId&quot;:null,&quot;slug&quot;:&quot;jus-citron&quot;,&quot;selected&quot;:false,&quot;children&quot;:null,&quot;layers&quot;:&quot;\/navigation\/28271\/layers&quot;,&quot;link&quot;:&quot;\/r\/boissons\/jus-fruits-legumes\/jus-orange-agrumes\/jus-citron&quot;},{&quot;name&quot;:&quot;Autres agrumes&quot;,&quot;code&quot;:&quot;R10F06SF01SS04&quot;,&quot;id&quot;:&quot;27086&quot;,&quot;type&quot;:&quot;RAYON&quot;,&quot;picto&quot;:null,&quot;level&quot;:4,&quot;sellerId&quot;:null,&quot;slug&quot;:&quot;autres-agrumes&quot;,&quot;selected&quot;:false,&quot;children&quot;:null,&quot;layers&quot;:&quot;\/navigation\/27086\/layers&quot;,&quot;link&quot;:&quot;\/r\/boissons\/jus-fruits-legumes\/jus-orange-agrumes\/autres-agrumes&quot;}],&quot;layers&quot;:&quot;\/navigation\/27083\/layers&quot;,&quot;link&quot;:&quot;\/r\/boissons\/jus-fruits-legumes\/jus-orange-agrumes&quot;},{&quot;name&quot;:&quot;Jus multifruits et Multivitamin\u00e9s&quot;,&quot;code&quot;:&quot;R10F06SF02&quot;,&quot;id&quot;:&quot;27096&quot;,&quot;type&quot;:&quot;RAYON&quot;,&quot;picto&quot;:null,&quot;level&quot;:3,&quot;sellerId&quot;:null,&quot;slug&quot;:&quot;jus-multifruits-multivitamines&quot;,&quot;selected&quot;:false,&quot;children&quot;:null,&quot;layers&quot;:&quot;\/navigation\/27096\/layers&quot;,&quot;link&quot;:&quot;\/r\/boissons\/jus-fruits-legumes\/jus-multifruits-multivitamines&quot;},{&quot;name&quot;:&quot;Jus de pomme et Fruits du verger&quot;,&quot;code&quot;:&quot;R10F06SF03&quot;,&quot;id&quot;:&quot;27091&quot;,&quot;type&quot;:&quot;RAYON&quot;,&quot;picto&quot;:null,&quot;level&quot;:3,&quot;sellerId&quot;:null,&quot;slug&quot;:&quot;jus-pomme-fruits-du-verger&quot;,&quot;selected&quot;:false,&quot;children&quot;:[{&quot;name&quot;:&quot;Jus de pomme&quot;,&quot;code&quot;:&quot;R10F06SF03SS01&quot;,&quot;id&quot;:&quot;27092&quot;,&quot;type&quot;:&quot;RAYON&quot;,&quot;picto&quot;:null,&quot;level&quot;:4,&quot;sellerId&quot;:null,&quot;slug&quot;:&quot;jus-pomme&quot;,&quot;selected&quot;:false,&quot;children&quot;:null,&quot;layers&quot;:&quot;\/navigation\/27092\/layers&quot;,&quot;link&quot;:&quot;\/r\/boissons\/jus-fruits-legumes\/jus-pomme-fruits-du-verger\/jus-pomme&quot;},{&quot;name&quot;:&quot;Jus de raisin&quot;,&quot;code&quot;:&quot;R10F06SF03SS02&quot;,&quot;id&quot;:&quot;27093&quot;,&quot;type&quot;:&quot;RAYON&quot;,&quot;picto&quot;:null,&quot;level&quot;:4,&quot;sellerId&quot;:null,&quot;slug&quot;:&quot;jus-raisin&quot;,&quot;selected&quot;:false,&quot;children&quot;:null,&quot;layers&quot;:&quot;\/navigation\/27093\/layers&quot;,&quot;link&quot;:&quot;\/r\/boissons\/jus-fruits-legumes\/jus-pomme-fruits-du-verger\/jus-raisin&quot;},{&quot;name&quot;:&quot;Jus d&#039;abricot&quot;,&quot;code&quot;:&quot;R10F06SF03SS03&quot;,&quot;id&quot;:&quot;28375&quot;,&quot;type&quot;:&quot;RAYON&quot;,&quot;picto&quot;:null,&quot;level&quot;:4,&quot;sellerId&quot;:null,&quot;slug&quot;:&quot;jus-abricot&quot;,&quot;selected&quot;:false,&quot;children&quot;:null,&quot;layers&quot;:&quot;\/navigation\/28375\/layers&quot;,&quot;link&quot;:&quot;\/r\/boissons\/jus-fruits-legumes\/jus-pomme-fruits-du-verger\/jus-abricot&quot;},{&quot;name&quot;:&quot;Jus de poire&quot;,&quot;code&quot;:&quot;R10F06SF03SS04&quot;,&quot;id&quot;:&quot;28376&quot;,&quot;type&quot;:&quot;RAYON&quot;,&quot;picto&quot;:null,&quot;level&quot;:4,&quot;sellerId&quot;:null,&quot;slug&quot;:&quot;jus-poire&quot;,&quot;selected&quot;:false,&quot;children&quot;:null,&quot;layers&quot;:&quot;\/navigation\/28376\/layers&quot;,&quot;link&quot;:&quot;\/r\/boissons\/jus-fruits-legumes\/jus-pomme-fruits-du-verger\/jus-poire&quot;},{&quot;name&quot;:&quot;Jus de p\u00eache&quot;,&quot;code&quot;:&quot;R10F06SF03SS05&quot;,&quot;id&quot;:&quot;28377&quot;,&quot;type&quot;:&quot;RAYON&quot;,&quot;picto&quot;:null,&quot;level&quot;:4,&quot;sellerId&quot;:null,&quot;slug&quot;:&quot;jus-peche&quot;,&quot;selected&quot;:false,&quot;children&quot;:null,&quot;layers&quot;:&quot;\/navigation\/28377\/layers&quot;,&quot;link&quot;:&quot;\/r\/boissons\/jus-fruits-legumes\/jus-pomme-fruits-du-verger\/jus-peche&quot;},{&quot;name&quot;:&quot;Jus de fraise&quot;,&quot;code&quot;:&quot;R10F06SF03SS06&quot;,&quot;id&quot;:&quot;28378&quot;,&quot;type&quot;:&quot;RAYON&quot;,&quot;picto&quot;:null,&quot;level&quot;:4,&quot;sellerId&quot;:null,&quot;slug&quot;:&quot;jus-fraise&quot;,&quot;selected&quot;:false,&quot;children&quot;:null,&quot;layers&quot;:&quot;\/navigation\/28378\/layers&quot;,&quot;link&quot;:&quot;\/r\/boissons\/jus-fruits-legumes\/jus-pomme-fruits-du-verger\/jus-fraise&quot;},{&quot;name&quot;:&quot;Autres fruits du verger&quot;,&quot;code&quot;:&quot;R10F06SF03SS07&quot;,&quot;id&quot;:&quot;27094&quot;,&quot;type&quot;:&quot;RAYON&quot;,&quot;picto&quot;:null,&quot;level&quot;:4,&quot;sellerId&quot;:null,&quot;slug&quot;:&quot;autres-fruits-du-verger&quot;,&quot;selected&quot;:false,&quot;children&quot;:null,&quot;layers&quot;:&quot;\/navigation\/27094\/layers&quot;,&quot;link&quot;:&quot;\/r\/boissons\/jus-fruits-legumes\/jus-pomme-fruits-du-verger\/autres-fruits-du-verger&quot;}],&quot;layers&quot;:&quot;\/navigation\/27091\/layers&quot;,&quot;link&quot;:&quot;\/r\/boissons\/jus-fruits-legumes\/jus-pomme-fruits-du-verger&quot;},{&quot;name&quot;:&quot;Jus d&#039;Ananas et Fruits exotiques&quot;,&quot;code&quot;:&quot;R10F06SF04&quot;,&quot;id&quot;:&quot;27087&quot;,&quot;type&quot;:&quot;RAYON&quot;,&quot;picto&quot;:null,&quot;level&quot;:3,&quot;sellerId&quot;:null,&quot;slug&quot;:&quot;jus-ananas-fruits-exotiques&quot;,&quot;selected&quot;:false,&quot;children&quot;:[{&quot;name&quot;:&quot;Jus d&#039;ananas&quot;,&quot;code&quot;:&quot;R10F06SF04SS01&quot;,&quot;id&quot;:&quot;27088&quot;,&quot;type&quot;:&quot;RAYON&quot;,&quot;picto&quot;:null,&quot;level&quot;:4,&quot;sellerId&quot;:null,&quot;slug&quot;:&quot;jus-ananas&quot;,&quot;selected&quot;:false,&quot;children&quot;:null,&quot;layers&quot;:&quot;\/navigation\/27088\/layers&quot;,&quot;link&quot;:&quot;\/r\/boissons\/jus-fruits-legumes\/jus-ananas-fruits-exotiques\/jus-ananas&quot;},{&quot;name&quot;:&quot;Jus de mangue&quot;,&quot;code&quot;:&quot;R10F06SF04SS02&quot;,&quot;id&quot;:&quot;27089&quot;,&quot;type&quot;:&quot;RAYON&quot;,&quot;picto&quot;:null,&quot;level&quot;:4,&quot;sellerId&quot;:null,&quot;slug&quot;:&quot;jus-mangue&quot;,&quot;selected&quot;:false,&quot;children&quot;:null,&quot;layers&quot;:&quot;\/navigation\/27089\/layers&quot;,&quot;link&quot;:&quot;\/r\/boissons\/jus-fruits-legumes\/jus-ananas-fruits-exotiques\/jus-mangue&quot;},{&quot;name&quot;:&quot;Jus de banane&quot;,&quot;code&quot;:&quot;R10F06SF04SS03&quot;,&quot;id&quot;:&quot;28379&quot;,&quot;type&quot;:&quot;RAYON&quot;,&quot;picto&quot;:null,&quot;level&quot;:4,&quot;sellerId&quot;:null,&quot;slug&quot;:&quot;jus-banane&quot;,&quot;selected&quot;:false,&quot;children&quot;:null,&quot;layers&quot;:&quot;\/navigation\/28379\/layers&quot;,&quot;link&quot;:&quot;\/r\/boissons\/jus-fruits-legumes\/jus-ananas-fruits-exotiques\/jus-banane&quot;},{&quot;name&quot;:&quot;Jus de goyave&quot;,&quot;code&quot;:&quot;R10F06SF04SS04&quot;,&quot;id&quot;:&quot;28380&quot;,&quot;type&quot;:&quot;RAYON&quot;,&quot;picto&quot;:null,&quot;level&quot;:4,&quot;sellerId&quot;:null,&quot;slug&quot;:&quot;jus-goyave&quot;,&quot;selected&quot;:false,&quot;children&quot;:null,&quot;layers&quot;:&quot;\/navigation\/28380\/layers&quot;,&quot;link&quot;:&quot;\/r\/boissons\/jus-fruits-legumes\/jus-ananas-fruits-exotiques\/jus-goyave&quot;},{&quot;name&quot;:&quot;Autres fruits exotiques&quot;,&quot;code&quot;:&quot;R10F06SF04SS05&quot;,&quot;id&quot;:&quot;27090&quot;,&quot;type&quot;:&quot;RAYON&quot;,&quot;picto&quot;:null,&quot;level&quot;:4,&quot;sellerId&quot;:null,&quot;slug&quot;:&quot;autres-fruits-exotiques&quot;,&quot;selected&quot;:false,&quot;children&quot;:null,&quot;layers&quot;:&quot;\/navigation\/27090\/layers&quot;,&quot;link&quot;:&quot;\/r\/boissons\/jus-fruits-legumes\/jus-ananas-fruits-exotiques\/autres-fruits-exotiques&quot;}],&quot;layers&quot;:&quot;\/navigation\/27087\/layers&quot;,&quot;link&quot;:&quot;\/r\/boissons\/jus-fruits-legumes\/jus-ananas-fruits-exotiques&quot;},{&quot;name&quot;:&quot;Jus formats pockets&quot;,&quot;code&quot;:&quot;R10F06SF05&quot;,&quot;id&quot;:&quot;27095&quot;,&quot;type&quot;:&quot;RAYON&quot;,&quot;picto&quot;:null,&quot;level&quot;:3,&quot;sellerId&quot;:null,&quot;slug&quot;:&quot;jus-formats-pockets&quot;,&quot;selected&quot;:false,&quot;children&quot;:null,&quot;layers&quot;:&quot;\/navigation\/27095\/layers&quot;,&quot;link&quot;:&quot;\/r\/boissons\/jus-fruits-legumes\/jus-formats-pockets&quot;},{&quot;name&quot;:&quot;Jus bien-\u00eatre et Detox&quot;,&quot;code&quot;:&quot;R10F06SF06&quot;,&quot;id&quot;:&quot;28266&quot;,&quot;type&quot;:&quot;RAYON&quot;,&quot;picto&quot;:null,&quot;level&quot;:3,&quot;sellerId&quot;:null,&quot;slug&quot;:&quot;jus-bien-etre-detox&quot;,&quot;selected&quot;:false,&quot;children&quot;:null,&quot;layers&quot;:&quot;\/navigation\/28266\/layers&quot;,&quot;link&quot;:&quot;\/r\/boissons\/jus-fruits-legumes\/jus-bien-etre-detox&quot;},{&quot;name&quot;:&quot;Jus de l\u00e9gumes&quot;,&quot;code&quot;:&quot;R10F06SF07&quot;,&quot;id&quot;:&quot;28267&quot;,&quot;type&quot;:&quot;RAYON&quot;,&quot;picto&quot;:null,&quot;level&quot;:3,&quot;sellerId&quot;:null,&quot;slug&quot;:&quot;jus-legumes&quot;,&quot;selected&quot;:false,&quot;children&quot;:null,&quot;layers&quot;:&quot;\/navigation\/28267\/layers&quot;,&quot;link&quot;:&quot;\/r\/boissons\/jus-fruits-legumes\/jus-legumes&quot;}],&quot;layers&quot;:&quot;\/navigation\/27072\/layers&quot;,&quot;link&quot;:&quot;\/r\/boissons\/jus-fruits-legumes&quot;},{&quot;name&quot;:&quot;Colas, Th\u00e9s glac\u00e9s et Softs&quot;,&quot;code&quot;:&quot;R10F07&quot;,&quot;id&quot;:&quot;27073&quot;,&quot;type&quot;:&quot;RAYON&quot;,&quot;picto&quot;:null,&quot;level&quot;:2,&quot;sellerId&quot;:null,&quot;slug&quot;:&quot;colas-thes-glaces-et-soft-drinks&quot;,&quot;selected&quot;:false,&quot;children&quot;:[{&quot;name&quot;:&quot;Colas&quot;,&quot;code&quot;:&quot;R10F07SF01&quot;,&quot;id&quot;:&quot;27098&quot;,&quot;type&quot;:&quot;RAYON&quot;,&quot;picto&quot;:null,&quot;level&quot;:3,&quot;sellerId&quot;:null,&quot;slug&quot;:&quot;colas&quot;,&quot;selected&quot;:false,&quot;children&quot;:null,&quot;layers&quot;:&quot;\/navigation\/27098\/layers&quot;,&quot;link&quot;:&quot;\/r\/boissons\/colas-thes-glaces-et-soft-drinks\/colas&quot;},{&quot;name&quot;:&quot;Th\u00e9s et Infusions glac\u00e9s&quot;,&quot;code&quot;:&quot;R10F07SF02&quot;,&quot;id&quot;:&quot;27099&quot;,&quot;type&quot;:&quot;RAYON&quot;,&quot;picto&quot;:null,&quot;level&quot;:3,&quot;sellerId&quot;:null,&quot;slug&quot;:&quot;thes-infusions-glaces&quot;,&quot;selected&quot;:false,&quot;children&quot;:null,&quot;layers&quot;:&quot;\/navigation\/27099\/layers&quot;,&quot;link&quot;:&quot;\/r\/boissons\/colas-thes-glaces-et-soft-drinks\/thes-infusions-glaces&quot;},{&quot;name&quot;:&quot;Citronnades et Boissons bien-\u00eatre&quot;,&quot;code&quot;:&quot;R10F07SF03&quot;,&quot;id&quot;:&quot;27100&quot;,&quot;type&quot;:&quot;RAYON&quot;,&quot;picto&quot;:null,&quot;level&quot;:3,&quot;sellerId&quot;:null,&quot;slug&quot;:&quot;citronnades-boissons-bien-etre&quot;,&quot;selected&quot;:false,&quot;children&quot;:null,&quot;layers&quot;:&quot;\/navigation\/27100\/layers&quot;,&quot;link&quot;:&quot;\/r\/boissons\/colas-thes-glaces-et-soft-drinks\/citronnades-boissons-bien-etre&quot;},{&quot;name&quot;:&quot;Limonades, Limes et Tonics&quot;,&quot;code&quot;:&quot;R10F07SF04&quot;,&quot;id&quot;:&quot;27101&quot;,&quot;type&quot;:&quot;RAYON&quot;,&quot;picto&quot;:null,&quot;level&quot;:3,&quot;sellerId&quot;:null,&quot;slug&quot;:&quot;limonades-limes-tonics&quot;,&quot;selected&quot;:false,&quot;children&quot;:null,&quot;layers&quot;:&quot;\/navigation\/27101\/layers&quot;,&quot;link&quot;:&quot;\/r\/boissons\/colas-thes-glaces-et-soft-drinks\/limonades-limes-tonics&quot;},{&quot;name&quot;:&quot;Boissons plates aux fruits&quot;,&quot;code&quot;:&quot;R10F07SF05&quot;,&quot;id&quot;:&quot;27102&quot;,&quot;type&quot;:&quot;RAYON&quot;,&quot;picto&quot;:null,&quot;level&quot;:3,&quot;sellerId&quot;:null,&quot;slug&quot;:&quot;boissons-plates-aux-fruits&quot;,&quot;selected&quot;:false,&quot;children&quot;:null,&quot;layers&quot;:&quot;\/navigation\/27102\/layers&quot;,&quot;link&quot;:&quot;\/r\/boissons\/colas-thes-glaces-et-soft-drinks\/boissons-plates-aux-fruits&quot;},{&quot;name&quot;:&quot;Boissons gazeuses aux fruits&quot;,&quot;code&quot;:&quot;R10F07SF06&quot;,&quot;id&quot;:&quot;27103&quot;,&quot;type&quot;:&quot;RAYON&quot;,&quot;picto&quot;:null,&quot;level&quot;:3,&quot;sellerId&quot;:null,&quot;slug&quot;:&quot;boissons-gazeuses-aux-fruits&quot;,&quot;selected&quot;:false,&quot;children&quot;:null,&quot;layers&quot;:&quot;\/navigation\/27103\/layers&quot;,&quot;link&quot;:&quot;\/r\/boissons\/colas-thes-glaces-et-soft-drinks\/boissons-gazeuses-aux-fruits&quot;},{&quot;name&quot;:&quot;Pockets enfants&quot;,&quot;code&quot;:&quot;R10F07SF07&quot;,&quot;id&quot;:&quot;27104&quot;,&quot;type&quot;:&quot;RAYON&quot;,&quot;picto&quot;:null,&quot;level&quot;:3,&quot;sellerId&quot;:null,&quot;slug&quot;:&quot;pockets-enfants&quot;,&quot;selected&quot;:false,&quot;children&quot;:null,&quot;layers&quot;:&quot;\/navigation\/27104\/layers&quot;,&quot;link&quot;:&quot;\/r\/boissons\/colas-thes-glaces-et-soft-drinks\/pockets-enfants&quot;},{&quot;name&quot;:&quot;Boissons \u00e9nergisantes et Sport&quot;,&quot;code&quot;:&quot;R10F07SF08&quot;,&quot;id&quot;:&quot;27173&quot;,&quot;type&quot;:&quot;RAYON&quot;,&quot;picto&quot;:null,&quot;level&quot;:3,&quot;sellerId&quot;:null,&quot;slug&quot;:&quot;boissons-energisantes-sport&quot;,&quot;selected&quot;:false,&quot;children&quot;:null,&quot;layers&quot;:&quot;\/navigation\/27173\/layers&quot;,&quot;link&quot;:&quot;\/r\/boissons\/colas-thes-glaces-et-soft-drinks\/boissons-energisantes-sport&quot;},{&quot;name&quot;:&quot;Sirops et Concentr\u00e9s&quot;,&quot;code&quot;:&quot;R10F07SF09&quot;,&quot;id&quot;:&quot;27174&quot;,&quot;type&quot;:&quot;RAYON&quot;,&quot;picto&quot;:null,&quot;level&quot;:3,&quot;sellerId&quot;:null,&quot;slug&quot;:&quot;sirops-concentres&quot;,&quot;selected&quot;:false,&quot;children&quot;:[{&quot;name&quot;:&quot;Sirops&quot;,&quot;code&quot;:&quot;R10F07SF09SS01&quot;,&quot;id&quot;:&quot;27175&quot;,&quot;type&quot;:&quot;RAYON&quot;,&quot;picto&quot;:null,&quot;level&quot;:4,&quot;sellerId&quot;:null,&quot;slug&quot;:&quot;sirops&quot;,&quot;selected&quot;:false,&quot;children&quot;:null,&quot;layers&quot;:&quot;\/navigation\/27175\/layers&quot;,&quot;link&quot;:&quot;\/r\/boissons\/colas-thes-glaces-et-soft-drinks\/sirops-concentres\/sirops&quot;},{&quot;name&quot;:&quot;Concentr\u00e9s&quot;,&quot;code&quot;:&quot;R10F07SF09SS02&quot;,&quot;id&quot;:&quot;27176&quot;,&quot;type&quot;:&quot;RAYON&quot;,&quot;picto&quot;:null,&quot;level&quot;:4,&quot;sellerId&quot;:null,&quot;slug&quot;:&quot;concentres&quot;,&quot;selected&quot;:false,&quot;children&quot;:null,&quot;layers&quot;:&quot;\/navigation\/27176\/layers&quot;,&quot;link&quot;:&quot;\/r\/boissons\/colas-thes-glaces-et-soft-drinks\/sirops-concentres\/concentres&quot;}],&quot;layers&quot;:&quot;\/navigation\/27174\/layers&quot;,&quot;link&quot;:&quot;\/r\/boissons\/colas-thes-glaces-et-soft-drinks\/sirops-concentres&quot;}],&quot;layers&quot;:&quot;\/navigation\/27073\/layers&quot;,&quot;link&quot;:&quot;\/r\/boissons\/colas-thes-glaces-et-soft-drinks&quot;}],&quot;layers&quot;:&quot;\/navigation\/27070\/layers&quot;,&quot;link&quot;:&quot;\/r\/boissons&quot;},{&quot;name&quot;:&quot;Produits du terroir&quot;,&quot;code&quot;:&quot;R11&quot;,&quot;id&quot;:&quot;3887&quot;,&quot;type&quot;:&quot;RAYON&quot;,&quot;picto&quot;:&quot;https:\/\/media.carrefour.fr\/medias\/33346cf943d538b0a96c0a06fe519436\/p_96x96\/3887.jpg&quot;,&quot;level&quot;:1,&quot;sellerId&quot;:null,&quot;slug&quot;:&quot;produits-du-terroir&quot;,&quot;selected&quot;:false,&quot;children&quot;:[{&quot;name&quot;:&quot;Alsace Lorraine&quot;,&quot;code&quot;:&quot;R11F01&quot;,&quot;id&quot;:&quot;3917&quot;,&quot;type&quot;:&quot;RAYON&quot;,&quot;picto&quot;:null,&quot;level&quot;:2,&quot;sellerId&quot;:null,&quot;slug&quot;:&quot;alsace-lorraine&quot;,&quot;selected&quot;:false,&quot;children&quot;:[{&quot;name&quot;:&quot;Epicerie&quot;,&quot;code&quot;:&quot;R11F01SF01&quot;,&quot;id&quot;:&quot;3919&quot;,&quot;type&quot;:&quot;RAYON&quot;,&quot;picto&quot;:null,&quot;level&quot;:3,&quot;sellerId&quot;:null,&quot;slug&quot;:&quot;epicerie&quot;,&quot;selected&quot;:false,&quot;children&quot;:null,&quot;layers&quot;:&quot;\/navigation\/3919\/layers&quot;,&quot;link&quot;:&quot;\/r\/produits-du-terroir\/alsace-lorraine\/epicerie&quot;},{&quot;name&quot;:&quot;Produits frais&quot;,&quot;code&quot;:&quot;R11F01SF02&quot;,&quot;id&quot;:&quot;25640&quot;,&quot;type&quot;:&quot;RAYON&quot;,&quot;picto&quot;:null,&quot;level&quot;:3,&quot;sellerId&quot;:null,&quot;slug&quot;:&quot;alsace-lorraine-produits-frais&quot;,&quot;selected&quot;:false,&quot;children&quot;:null,&quot;layers&quot;:&quot;\/navigation\/25640\/layers&quot;,&quot;link&quot;:&quot;\/r\/produits-du-terroir\/alsace-lorraine\/alsace-lorraine-produits-frais&quot;},{&quot;name&quot;:&quot;Boisson&quot;,&quot;code&quot;:&quot;R11F01SF03&quot;,&quot;id&quot;:&quot;3918&quot;,&quot;type&quot;:&quot;RAYON&quot;,&quot;picto&quot;:null,&quot;level&quot;:3,&quot;sellerId&quot;:null,&quot;slug&quot;:&quot;boisson&quot;,&quot;selected&quot;:false,&quot;children&quot;:null,&quot;layers&quot;:&quot;\/navigation\/3918\/layers&quot;,&quot;link&quot;:&quot;\/r\/produits-du-terroir\/alsace-lorraine\/boisson&quot;}],&quot;layers&quot;:&quot;\/navigation\/3917\/layers&quot;,&quot;link&quot;:&quot;\/r\/produits-du-terroir\/alsace-lorraine&quot;},{&quot;name&quot;:&quot;Aquitaine Midi Pyr\u00e9n\u00e9es&quot;,&quot;code&quot;:&quot;R11F02&quot;,&quot;id&quot;:&quot;3896&quot;,&quot;type&quot;:&quot;RAYON&quot;,&quot;picto&quot;:null,&quot;level&quot;:2,&quot;sellerId&quot;:null,&quot;slug&quot;:&quot;aquitaine-midi-pyrenees&quot;,&quot;selected&quot;:false,&quot;children&quot;:[{&quot;name&quot;:&quot;Epicerie&quot;,&quot;code&quot;:&quot;R11F02SF01&quot;,&quot;id&quot;:&quot;25637&quot;,&quot;type&quot;:&quot;RAYON&quot;,&quot;picto&quot;:null,&quot;level&quot;:3,&quot;sellerId&quot;:null,&quot;slug&quot;:&quot;aquitaine-epicerie&quot;,&quot;selected&quot;:false,&quot;children&quot;:null,&quot;layers&quot;:&quot;\/navigation\/25637\/layers&quot;,&quot;link&quot;:&quot;\/r\/produits-du-terroir\/aquitaine-midi-pyrenees\/aquitaine-epicerie&quot;},{&quot;name&quot;:&quot;Produits frais&quot;,&quot;code&quot;:&quot;R11F02SF02&quot;,&quot;id&quot;:&quot;3897&quot;,&quot;type&quot;:&quot;RAYON&quot;,&quot;picto&quot;:null,&quot;level&quot;:3,&quot;sellerId&quot;:null,&quot;slug&quot;:&quot;produits-frais&quot;,&quot;selected&quot;:false,&quot;children&quot;:null,&quot;layers&quot;:&quot;\/navigation\/3897\/layers&quot;,&quot;link&quot;:&quot;\/r\/produits-du-terroir\/aquitaine-midi-pyrenees\/produits-frais&quot;},{&quot;name&quot;:&quot;Boisson&quot;,&quot;code&quot;:&quot;R11F02SF03&quot;,&quot;id&quot;:&quot;3898&quot;,&quot;type&quot;:&quot;RAYON&quot;,&quot;picto&quot;:null,&quot;level&quot;:3,&quot;sellerId&quot;:null,&quot;slug&quot;:&quot;boisson&quot;,&quot;selected&quot;:false,&quot;children&quot;:null,&quot;layers&quot;:&quot;\/navigation\/3898\/layers&quot;,&quot;link&quot;:&quot;\/r\/produits-du-terroir\/aquitaine-midi-pyrenees\/boisson&quot;}],&quot;layers&quot;:&quot;\/navigation\/3896\/layers&quot;,&quot;link&quot;:&quot;\/r\/produits-du-terroir\/aquitaine-midi-pyrenees&quot;},{&quot;name&quot;:&quot;Auvergne Limousin&quot;,&quot;code&quot;:&quot;R11F03&quot;,&quot;id&quot;:&quot;3906&quot;,&quot;type&quot;:&quot;RAYON&quot;,&quot;picto&quot;:null,&quot;level&quot;:2,&quot;sellerId&quot;:null,&quot;slug&quot;:&quot;auvergne-limousin&quot;,&quot;selected&quot;:false,&quot;children&quot;:[{&quot;name&quot;:&quot;Epicerie&quot;,&quot;code&quot;:&quot;R11F03SF01&quot;,&quot;id&quot;:&quot;3907&quot;,&quot;type&quot;:&quot;RAYON&quot;,&quot;picto&quot;:null,&quot;level&quot;:3,&quot;sellerId&quot;:null,&quot;slug&quot;:&quot;epicerie&quot;,&quot;selected&quot;:false,&quot;children&quot;:null,&quot;layers&quot;:&quot;\/navigation\/3907\/layers&quot;,&quot;link&quot;:&quot;\/r\/produits-du-terroir\/auvergne-limousin\/epicerie&quot;},{&quot;name&quot;:&quot;Produits frais&quot;,&quot;code&quot;:&quot;R11F03SF02&quot;,&quot;id&quot;:&quot;3908&quot;,&quot;type&quot;:&quot;RAYON&quot;,&quot;picto&quot;:null,&quot;level&quot;:3,&quot;sellerId&quot;:null,&quot;slug&quot;:&quot;produits-frais&quot;,&quot;selected&quot;:false,&quot;children&quot;:null,&quot;layers&quot;:&quot;\/navigation\/3908\/layers&quot;,&quot;link&quot;:&quot;\/r\/produits-du-terroir\/auvergne-limousin\/produits-frais&quot;},{&quot;name&quot;:&quot;Boisson&quot;,&quot;code&quot;:&quot;R11F03SF03&quot;,&quot;id&quot;:&quot;3909&quot;,&quot;type&quot;:&quot;RAYON&quot;,&quot;picto&quot;:null,&quot;level&quot;:3,&quot;sellerId&quot;:null,&quot;slug&quot;:&quot;boisson&quot;,&quot;selected&quot;:false,&quot;children&quot;:null,&quot;layers&quot;:&quot;\/navigation\/3909\/layers&quot;,&quot;link&quot;:&quot;\/r\/produits-du-terroir\/auvergne-limousin\/boisson&quot;}],&quot;layers&quot;:&quot;\/navigation\/3906\/layers&quot;,&quot;link&quot;:&quot;\/r\/produits-du-terroir\/auvergne-limousin&quot;},{&quot;name&quot;:&quot;Bourgogne Champagne&quot;,&quot;code&quot;:&quot;R11F04&quot;,&quot;id&quot;:&quot;3899&quot;,&quot;type&quot;:&quot;RAYON&quot;,&quot;picto&quot;:null,&quot;level&quot;:2,&quot;sellerId&quot;:null,&quot;slug&quot;:&quot;bourgogne-champagne&quot;,&quot;selected&quot;:false,&quot;children&quot;:[{&quot;name&quot;:&quot;Epicerie&quot;,&quot;code&quot;:&quot;R11F04SF01&quot;,&quot;id&quot;:&quot;3900&quot;,&quot;type&quot;:&quot;RAYON&quot;,&quot;picto&quot;:null,&quot;level&quot;:3,&quot;sellerId&quot;:null,&quot;slug&quot;:&quot;epicerie&quot;,&quot;selected&quot;:false,&quot;children&quot;:null,&quot;layers&quot;:&quot;\/navigation\/3900\/layers&quot;,&quot;link&quot;:&quot;\/r\/produits-du-terroir\/bourgogne-champagne\/epicerie&quot;},{&quot;name&quot;:&quot;Produits frais&quot;,&quot;code&quot;:&quot;R11F04SF02&quot;,&quot;id&quot;:&quot;3901&quot;,&quot;type&quot;:&quot;RAYON&quot;,&quot;picto&quot;:null,&quot;level&quot;:3,&quot;sellerId&quot;:null,&quot;slug&quot;:&quot;produits-frais&quot;,&quot;selected&quot;:false,&quot;children&quot;:null,&quot;layers&quot;:&quot;\/navigation\/3901\/layers&quot;,&quot;link&quot;:&quot;\/r\/produits-du-terroir\/bourgogne-champagne\/produits-frais&quot;},{&quot;name&quot;:&quot;Boisson&quot;,&quot;code&quot;:&quot;R11F04SF03&quot;,&quot;id&quot;:&quot;25638&quot;,&quot;type&quot;:&quot;RAYON&quot;,&quot;picto&quot;:null,&quot;level&quot;:3,&quot;sellerId&quot;:null,&quot;slug&quot;:&quot;bourgogne-boisson&quot;,&quot;selected&quot;:false,&quot;children&quot;:null,&quot;layers&quot;:&quot;\/navigation\/25638\/layers&quot;,&quot;link&quot;:&quot;\/r\/produits-du-terroir\/bourgogne-champagne\/bourgogne-boisson&quot;}],&quot;layers&quot;:&quot;\/navigation\/3899\/layers&quot;,&quot;link&quot;:&quot;\/r\/produits-du-terroir\/bourgogne-champagne&quot;},{&quot;name&quot;:&quot;Bretagne Pays de Loire &amp; Poitou&quot;,&quot;code&quot;:&quot;R11F05&quot;,&quot;id&quot;:&quot;3888&quot;,&quot;type&quot;:&quot;RAYON&quot;,&quot;picto&quot;:null,&quot;level&quot;:2,&quot;sellerId&quot;:null,&quot;slug&quot;:&quot;bretagne-pays-de-loire-poitou&quot;,&quot;selected&quot;:false,&quot;children&quot;:[{&quot;name&quot;:&quot;Epicerie&quot;,&quot;code&quot;:&quot;R11F05SF01&quot;,&quot;id&quot;:&quot;3891&quot;,&quot;type&quot;:&quot;RAYON&quot;,&quot;picto&quot;:null,&quot;level&quot;:3,&quot;sellerId&quot;:null,&quot;slug&quot;:&quot;epicerie&quot;,&quot;selected&quot;:false,&quot;children&quot;:null,&quot;layers&quot;:&quot;\/navigation\/3891\/layers&quot;,&quot;link&quot;:&quot;\/r\/produits-du-terroir\/bretagne-pays-de-loire-poitou\/epicerie&quot;},{&quot;name&quot;:&quot;Produits frais&quot;,&quot;code&quot;:&quot;R11F05SF02&quot;,&quot;id&quot;:&quot;3889&quot;,&quot;type&quot;:&quot;RAYON&quot;,&quot;picto&quot;:null,&quot;level&quot;:3,&quot;sellerId&quot;:null,&quot;slug&quot;:&quot;produits-frais&quot;,&quot;selected&quot;:false,&quot;children&quot;:null,&quot;layers&quot;:&quot;\/navigation\/3889\/layers&quot;,&quot;link&quot;:&quot;\/r\/produits-du-terroir\/bretagne-pays-de-loire-poitou\/produits-frais&quot;},{&quot;name&quot;:&quot;Boisson&quot;,&quot;code&quot;:&quot;R11F05SF03&quot;,&quot;id&quot;:&quot;3890&quot;,&quot;type&quot;:&quot;RAYON&quot;,&quot;picto&quot;:null,&quot;level&quot;:3,&quot;sellerId&quot;:null,&quot;slug&quot;:&quot;boisson&quot;,&quot;selected&quot;:false,&quot;children&quot;:null,&quot;layers&quot;:&quot;\/navigation\/3890\/layers&quot;,&quot;link&quot;:&quot;\/r\/produits-du-terroir\/bretagne-pays-de-loire-poitou\/boisson&quot;}],&quot;layers&quot;:&quot;\/navigation\/3888\/layers&quot;,&quot;link&quot;:&quot;\/r\/produits-du-terroir\/bretagne-pays-de-loire-poitou&quot;},{&quot;name&quot;:&quot;Centre Ile de France&quot;,&quot;code&quot;:&quot;R11F06&quot;,&quot;id&quot;:&quot;3914&quot;,&quot;type&quot;:&quot;RAYON&quot;,&quot;picto&quot;:null,&quot;level&quot;:2,&quot;sellerId&quot;:null,&quot;slug&quot;:&quot;centre-ile-de-france&quot;,&quot;selected&quot;:false,&quot;children&quot;:[{&quot;name&quot;:&quot;Epicerie&quot;,&quot;code&quot;:&quot;R11F06SF01&quot;,&quot;id&quot;:&quot;3915&quot;,&quot;type&quot;:&quot;RAYON&quot;,&quot;picto&quot;:null,&quot;level&quot;:3,&quot;sellerId&quot;:null,&quot;slug&quot;:&quot;epicerie&quot;,&quot;selected&quot;:false,&quot;children&quot;:null,&quot;layers&quot;:&quot;\/navigation\/3915\/layers&quot;,&quot;link&quot;:&quot;\/r\/produits-du-terroir\/centre-ile-de-france\/epicerie&quot;},{&quot;name&quot;:&quot;Produits frais&quot;,&quot;code&quot;:&quot;R11F06SF02&quot;,&quot;id&quot;:&quot;3916&quot;,&quot;type&quot;:&quot;RAYON&quot;,&quot;picto&quot;:null,&quot;level&quot;:3,&quot;sellerId&quot;:null,&quot;slug&quot;:&quot;produits-frais&quot;,&quot;selected&quot;:false,&quot;children&quot;:null,&quot;layers&quot;:&quot;\/navigation\/3916\/layers&quot;,&quot;link&quot;:&quot;\/r\/produits-du-terroir\/centre-ile-de-france\/produits-frais&quot;},{&quot;name&quot;:&quot;Boisson&quot;,&quot;code&quot;:&quot;R11F06SF03&quot;,&quot;id&quot;:&quot;25639&quot;,&quot;type&quot;:&quot;RAYON&quot;,&quot;picto&quot;:null,&quot;level&quot;:3,&quot;sellerId&quot;:null,&quot;slug&quot;:&quot;centre-idf-boisson&quot;,&quot;selected&quot;:false,&quot;children&quot;:null,&quot;layers&quot;:&quot;\/navigation\/25639\/layers&quot;,&quot;link&quot;:&quot;\/r\/produits-du-terroir\/centre-ile-de-france\/centre-idf-boisson&quot;}],&quot;layers&quot;:&quot;\/navigation\/3914\/layers&quot;,&quot;link&quot;:&quot;\/r\/produits-du-terroir\/centre-ile-de-france&quot;},{&quot;name&quot;:&quot;Corse&quot;,&quot;code&quot;:&quot;R11F07&quot;,&quot;id&quot;:&quot;3892&quot;,&quot;type&quot;:&quot;RAYON&quot;,&quot;picto&quot;:null,&quot;level&quot;:2,&quot;sellerId&quot;:null,&quot;slug&quot;:&quot;corse&quot;,&quot;selected&quot;:false,&quot;children&quot;:[{&quot;name&quot;:&quot;Epicerie&quot;,&quot;code&quot;:&quot;R11F07SF01&quot;,&quot;id&quot;:&quot;3895&quot;,&quot;type&quot;:&quot;RAYON&quot;,&quot;picto&quot;:null,&quot;level&quot;:3,&quot;sellerId&quot;:null,&quot;slug&quot;:&quot;epicerie&quot;,&quot;selected&quot;:false,&quot;children&quot;:null,&quot;layers&quot;:&quot;\/navigation\/3895\/layers&quot;,&quot;link&quot;:&quot;\/r\/produits-du-terroir\/corse\/epicerie&quot;},{&quot;name&quot;:&quot;Produits frais&quot;,&quot;code&quot;:&quot;R11F07SF02&quot;,&quot;id&quot;:&quot;3893&quot;,&quot;type&quot;:&quot;RAYON&quot;,&quot;picto&quot;:null,&quot;level&quot;:3,&quot;sellerId&quot;:null,&quot;slug&quot;:&quot;produits-frais&quot;,&quot;selected&quot;:false,&quot;children&quot;:null,&quot;layers&quot;:&quot;\/navigation\/3893\/layers&quot;,&quot;link&quot;:&quot;\/r\/produits-du-terroir\/corse\/produits-frais&quot;},{&quot;name&quot;:&quot;Boisson&quot;,&quot;code&quot;:&quot;R11F07SF03&quot;,&quot;id&quot;:&quot;3894&quot;,&quot;type&quot;:&quot;RAYON&quot;,&quot;picto&quot;:null,&quot;level&quot;:3,&quot;sellerId&quot;:null,&quot;slug&quot;:&quot;boisson&quot;,&quot;selected&quot;:false,&quot;children&quot;:null,&quot;layers&quot;:&quot;\/navigation\/3894\/layers&quot;,&quot;link&quot;:&quot;\/r\/produits-du-terroir\/corse\/boisson&quot;}],&quot;layers&quot;:&quot;\/navigation\/3892\/layers&quot;,&quot;link&quot;:&quot;\/r\/produits-du-terroir\/corse&quot;},{&quot;name&quot;:&quot;Languedoc PACA&quot;,&quot;code&quot;:&quot;R11F08&quot;,&quot;id&quot;:&quot;3910&quot;,&quot;type&quot;:&quot;RAYON&quot;,&quot;picto&quot;:null,&quot;level&quot;:2,&quot;sellerId&quot;:null,&quot;slug&quot;:&quot;languedoc-paca&quot;,&quot;selected&quot;:false,&quot;children&quot;:[{&quot;name&quot;:&quot;Epicerie&quot;,&quot;code&quot;:&quot;R11F08SF01&quot;,&quot;id&quot;:&quot;3911&quot;,&quot;type&quot;:&quot;RAYON&quot;,&quot;picto&quot;:null,&quot;level&quot;:3,&quot;sellerId&quot;:null,&quot;slug&quot;:&quot;epicerie&quot;,&quot;selected&quot;:false,&quot;children&quot;:null,&quot;layers&quot;:&quot;\/navigation\/3911\/layers&quot;,&quot;link&quot;:&quot;\/r\/produits-du-terroir\/languedoc-paca\/epicerie&quot;},{&quot;name&quot;:&quot;Produits frais&quot;,&quot;code&quot;:&quot;R11F08SF02&quot;,&quot;id&quot;:&quot;3912&quot;,&quot;type&quot;:&quot;RAYON&quot;,&quot;picto&quot;:null,&quot;level&quot;:3,&quot;sellerId&quot;:null,&quot;slug&quot;:&quot;produits-frais&quot;,&quot;selected&quot;:false,&quot;children&quot;:null,&quot;layers&quot;:&quot;\/navigation\/3912\/layers&quot;,&quot;link&quot;:&quot;\/r\/produits-du-terroir\/languedoc-paca\/produits-frais&quot;},{&quot;name&quot;:&quot;Boisson&quot;,&quot;code&quot;:&quot;R11F08SF03&quot;,&quot;id&quot;:&quot;3913&quot;,&quot;type&quot;:&quot;RAYON&quot;,&quot;picto&quot;:null,&quot;level&quot;:3,&quot;sellerId&quot;:null,&quot;slug&quot;:&quot;boisson&quot;,&quot;selected&quot;:false,&quot;children&quot;:null,&quot;layers&quot;:&quot;\/navigation\/3913\/layers&quot;,&quot;link&quot;:&quot;\/r\/produits-du-terroir\/languedoc-paca\/boisson&quot;}],&quot;layers&quot;:&quot;\/navigation\/3910\/layers&quot;,&quot;link&quot;:&quot;\/r\/produits-du-terroir\/languedoc-paca&quot;},{&quot;name&quot;:&quot;Nord Pas de Calais Picardie&quot;,&quot;code&quot;:&quot;R11F09&quot;,&quot;id&quot;:&quot;3920&quot;,&quot;type&quot;:&quot;RAYON&quot;,&quot;picto&quot;:null,&quot;level&quot;:2,&quot;sellerId&quot;:null,&quot;slug&quot;:&quot;nord-pas-de-calais-picardie&quot;,&quot;selected&quot;:false,&quot;children&quot;:[{&quot;name&quot;:&quot;Epicerie&quot;,&quot;code&quot;:&quot;R11F09SF01&quot;,&quot;id&quot;:&quot;3922&quot;,&quot;type&quot;:&quot;RAYON&quot;,&quot;picto&quot;:null,&quot;level&quot;:3,&quot;sellerId&quot;:null,&quot;slug&quot;:&quot;epicerie&quot;,&quot;selected&quot;:false,&quot;children&quot;:null,&quot;layers&quot;:&quot;\/navigation\/3922\/layers&quot;,&quot;link&quot;:&quot;\/r\/produits-du-terroir\/nord-pas-de-calais-picardie\/epicerie&quot;},{&quot;name&quot;:&quot;Produits frais&quot;,&quot;code&quot;:&quot;R11F09SF02&quot;,&quot;id&quot;:&quot;3921&quot;,&quot;type&quot;:&quot;RAYON&quot;,&quot;picto&quot;:null,&quot;level&quot;:3,&quot;sellerId&quot;:null,&quot;slug&quot;:&quot;produits-frais&quot;,&quot;selected&quot;:false,&quot;children&quot;:null,&quot;layers&quot;:&quot;\/navigation\/3921\/layers&quot;,&quot;link&quot;:&quot;\/r\/produits-du-terroir\/nord-pas-de-calais-picardie\/produits-frais&quot;},{&quot;name&quot;:&quot;Boisson&quot;,&quot;code&quot;:&quot;R11F09SF03&quot;,&quot;id&quot;:&quot;3923&quot;,&quot;type&quot;:&quot;RAYON&quot;,&quot;picto&quot;:null,&quot;level&quot;:3,&quot;sellerId&quot;:null,&quot;slug&quot;:&quot;boisson&quot;,&quot;selected&quot;:false,&quot;children&quot;:null,&quot;layers&quot;:&quot;\/navigation\/3923\/layers&quot;,&quot;link&quot;:&quot;\/r\/produits-du-terroir\/nord-pas-de-calais-picardie\/boisson&quot;}],&quot;layers&quot;:&quot;\/navigation\/3920\/layers&quot;,&quot;link&quot;:&quot;\/r\/produits-du-terroir\/nord-pas-de-calais-picardie&quot;},{&quot;name&quot;:&quot;Normandie&quot;,&quot;code&quot;:&quot;R11F10&quot;,&quot;id&quot;:&quot;3924&quot;,&quot;type&quot;:&quot;RAYON&quot;,&quot;picto&quot;:null,&quot;level&quot;:2,&quot;sellerId&quot;:null,&quot;slug&quot;:&quot;normandie&quot;,&quot;selected&quot;:false,&quot;children&quot;:[{&quot;name&quot;:&quot;Epicerie&quot;,&quot;code&quot;:&quot;R11F10SF01&quot;,&quot;id&quot;:&quot;3925&quot;,&quot;type&quot;:&quot;RAYON&quot;,&quot;picto&quot;:null,&quot;level&quot;:3,&quot;sellerId&quot;:null,&quot;slug&quot;:&quot;epicerie&quot;,&quot;selected&quot;:false,&quot;children&quot;:null,&quot;layers&quot;:&quot;\/navigation\/3925\/layers&quot;,&quot;link&quot;:&quot;\/r\/produits-du-terroir\/normandie\/epicerie&quot;},{&quot;name&quot;:&quot;Produits frais&quot;,&quot;code&quot;:&quot;R11F10SF02&quot;,&quot;id&quot;:&quot;3926&quot;,&quot;type&quot;:&quot;RAYON&quot;,&quot;picto&quot;:null,&quot;level&quot;:3,&quot;sellerId&quot;:null,&quot;slug&quot;:&quot;produits-frais&quot;,&quot;selected&quot;:false,&quot;children&quot;:null,&quot;layers&quot;:&quot;\/navigation\/3926\/layers&quot;,&quot;link&quot;:&quot;\/r\/produits-du-terroir\/normandie\/produits-frais&quot;}],&quot;layers&quot;:&quot;\/navigation\/3924\/layers&quot;,&quot;link&quot;:&quot;\/r\/produits-du-terroir\/normandie&quot;},{&quot;name&quot;:&quot;Rh\u00f4ne Alpes Franche Comt\u00e9&quot;,&quot;code&quot;:&quot;R11F11&quot;,&quot;id&quot;:&quot;3902&quot;,&quot;type&quot;:&quot;RAYON&quot;,&quot;picto&quot;:null,&quot;level&quot;:2,&quot;sellerId&quot;:null,&quot;slug&quot;:&quot;rhone-alpes-franche-comte&quot;,&quot;selected&quot;:false,&quot;children&quot;:[{&quot;name&quot;:&quot;Epicerie&quot;,&quot;code&quot;:&quot;R11F11SF01&quot;,&quot;id&quot;:&quot;3904&quot;,&quot;type&quot;:&quot;RAYON&quot;,&quot;picto&quot;:null,&quot;level&quot;:3,&quot;sellerId&quot;:null,&quot;slug&quot;:&quot;epicerie&quot;,&quot;selected&quot;:false,&quot;children&quot;:null,&quot;layers&quot;:&quot;\/navigation\/3904\/layers&quot;,&quot;link&quot;:&quot;\/r\/produits-du-terroir\/rhone-alpes-franche-comte\/epicerie&quot;},{&quot;name&quot;:&quot;Produits frais&quot;,&quot;code&quot;:&quot;R11F11SF02&quot;,&quot;id&quot;:&quot;3905&quot;,&quot;type&quot;:&quot;RAYON&quot;,&quot;picto&quot;:null,&quot;level&quot;:3,&quot;sellerId&quot;:null,&quot;slug&quot;:&quot;produits-frais&quot;,&quot;selected&quot;:false,&quot;children&quot;:null,&quot;layers&quot;:&quot;\/navigation\/3905\/layers&quot;,&quot;link&quot;:&quot;\/r\/produits-du-terroir\/rhone-alpes-franche-comte\/produits-frais&quot;},{&quot;name&quot;:&quot;Boisson&quot;,&quot;code&quot;:&quot;R11F11SF03&quot;,&quot;id&quot;:&quot;3903&quot;,&quot;type&quot;:&quot;RAYON&quot;,&quot;picto&quot;:null,&quot;level&quot;:3,&quot;sellerId&quot;:null,&quot;slug&quot;:&quot;boisson&quot;,&quot;selected&quot;:false,&quot;children&quot;:null,&quot;layers&quot;:&quot;\/navigation\/3903\/layers&quot;,&quot;link&quot;:&quot;\/r\/produits-du-terroir\/rhone-alpes-franche-comte\/boisson&quot;}],&quot;layers&quot;:&quot;\/navigation\/3902\/layers&quot;,&quot;link&quot;:&quot;\/r\/produits-du-terroir\/rhone-alpes-franche-comte&quot;}],&quot;layers&quot;:&quot;\/navigation\/3887\/layers&quot;,&quot;link&quot;:&quot;\/r\/produits-du-terroir&quot;},{&quot;name&quot;:&quot;B\u00e9b\u00e9&quot;,&quot;code&quot;:&quot;R12&quot;,&quot;id&quot;:&quot;26953&quot;,&quot;type&quot;:&quot;RAYON&quot;,&quot;picto&quot;:&quot;https:\/\/media.carrefour.fr\/medias\/ca56671104913afaac2ac8c5e22c0e6a\/p_96x96\/26953.jpg&quot;,&quot;level&quot;:1,&quot;sellerId&quot;:null,&quot;slug&quot;:&quot;bebe&quot;,&quot;selected&quot;:false,&quot;children&quot;:[{&quot;name&quot;:&quot;B\u00e9b\u00e9 bio&quot;,&quot;code&quot;:&quot;R12F01&quot;,&quot;id&quot;:&quot;27053&quot;,&quot;type&quot;:&quot;RAYON&quot;,&quot;picto&quot;:null,&quot;level&quot;:2,&quot;sellerId&quot;:null,&quot;slug&quot;:&quot;bebe-bio&quot;,&quot;selected&quot;:false,&quot;children&quot;:[{&quot;name&quot;:&quot;C\u00e9r\u00e9ales et Laits&quot;,&quot;code&quot;:&quot;R12F01SF01&quot;,&quot;id&quot;:&quot;28260&quot;,&quot;type&quot;:&quot;RAYON&quot;,&quot;picto&quot;:null,&quot;level&quot;:3,&quot;sellerId&quot;:null,&quot;slug&quot;:&quot;cereales-laits&quot;,&quot;selected&quot;:false,&quot;children&quot;:null,&quot;layers&quot;:&quot;\/navigation\/28260\/layers&quot;,&quot;link&quot;:&quot;\/r\/bebe\/bebe-bio\/cereales-laits&quot;},{&quot;name&quot;:&quot;Repas b\u00e9b\u00e9&quot;,&quot;code&quot;:&quot;R12F01SF02&quot;,&quot;id&quot;:&quot;28261&quot;,&quot;type&quot;:&quot;RAYON&quot;,&quot;picto&quot;:null,&quot;level&quot;:3,&quot;sellerId&quot;:null,&quot;slug&quot;:&quot;repas-bebe&quot;,&quot;selected&quot;:false,&quot;children&quot;:null,&quot;layers&quot;:&quot;\/navigation\/28261\/layers&quot;,&quot;link&quot;:&quot;\/r\/bebe\/bebe-bio\/repas-bebe&quot;},{&quot;name&quot;:&quot;Go\u00fbters et desserts&quot;,&quot;code&quot;:&quot;R12F01SF03&quot;,&quot;id&quot;:&quot;28262&quot;,&quot;type&quot;:&quot;RAYON&quot;,&quot;picto&quot;:null,&quot;level&quot;:3,&quot;sellerId&quot;:null,&quot;slug&quot;:&quot;gouters-desserts&quot;,&quot;selected&quot;:false,&quot;children&quot;:null,&quot;layers&quot;:&quot;\/navigation\/28262\/layers&quot;,&quot;link&quot;:&quot;\/r\/bebe\/bebe-bio\/gouters-desserts&quot;},{&quot;name&quot;:&quot;Pu\u00e9riculture et Hygi\u00e8ne&quot;,&quot;code&quot;:&quot;R12F01SF04&quot;,&quot;id&quot;:&quot;28263&quot;,&quot;type&quot;:&quot;RAYON&quot;,&quot;picto&quot;:null,&quot;level&quot;:3,&quot;sellerId&quot;:null,&quot;slug&quot;:&quot;puericulture-hygiene&quot;,&quot;selected&quot;:false,&quot;children&quot;:null,&quot;layers&quot;:&quot;\/navigation\/28263\/layers&quot;,&quot;link&quot;:&quot;\/r\/bebe\/bebe-bio\/puericulture-hygiene&quot;}],&quot;layers&quot;:&quot;\/navigation\/27053\/layers&quot;,&quot;link&quot;:&quot;\/r\/bebe\/bebe-bio&quot;},{&quot;name&quot;:&quot;Laits et C\u00e9r\u00e9ales&quot;,&quot;code&quot;:&quot;R12F02&quot;,&quot;id&quot;:&quot;26954&quot;,&quot;type&quot;:&quot;RAYON&quot;,&quot;picto&quot;:&quot;https:\/\/media.carrefour.fr\/medias\/c17c91e7623f395c9db2ab7c09c26fd4\/p_96x96\/26954.jpg&quot;,&quot;level&quot;:2,&quot;sellerId&quot;:null,&quot;slug&quot;:&quot;laits-cereales&quot;,&quot;selected&quot;:false,&quot;children&quot;:[{&quot;name&quot;:&quot;Laits 1er \u00e2ge&quot;,&quot;code&quot;:&quot;R12F02SF01&quot;,&quot;id&quot;:&quot;26962&quot;,&quot;type&quot;:&quot;RAYON&quot;,&quot;picto&quot;:null,&quot;level&quot;:3,&quot;sellerId&quot;:null,&quot;slug&quot;:&quot;laits-1-age&quot;,&quot;selected&quot;:false,&quot;children&quot;:null,&quot;layers&quot;:&quot;\/navigation\/26962\/layers&quot;,&quot;link&quot;:&quot;\/r\/bebe\/laits-cereales\/laits-1-age&quot;},{&quot;name&quot;:&quot;Laits 2\u00e8me \u00e2ge&quot;,&quot;code&quot;:&quot;R12F02SF02&quot;,&quot;id&quot;:&quot;26963&quot;,&quot;type&quot;:&quot;RAYON&quot;,&quot;picto&quot;:null,&quot;level&quot;:3,&quot;sellerId&quot;:null,&quot;slug&quot;:&quot;laits-2-age&quot;,&quot;selected&quot;:false,&quot;children&quot;:null,&quot;layers&quot;:&quot;\/navigation\/26963\/layers&quot;,&quot;link&quot;:&quot;\/r\/bebe\/laits-cereales\/laits-2-age&quot;},{&quot;name&quot;:&quot;Laits de croissance&quot;,&quot;code&quot;:&quot;R12F02SF03&quot;,&quot;id&quot;:&quot;26964&quot;,&quot;type&quot;:&quot;RAYON&quot;,&quot;picto&quot;:null,&quot;level&quot;:3,&quot;sellerId&quot;:null,&quot;slug&quot;:&quot;laits-croissance&quot;,&quot;selected&quot;:false,&quot;children&quot;:[{&quot;name&quot;:&quot;Laits de croissance en poudre&quot;,&quot;code&quot;:&quot;R12F02SF03SS01&quot;,&quot;id&quot;:&quot;26965&quot;,&quot;type&quot;:&quot;RAYON&quot;,&quot;picto&quot;:null,&quot;level&quot;:4,&quot;sellerId&quot;:null,&quot;slug&quot;:&quot;laits-croissance-poudre&quot;,&quot;selected&quot;:false,&quot;children&quot;:null,&quot;layers&quot;:&quot;\/navigation\/26965\/layers&quot;,&quot;link&quot;:&quot;\/r\/bebe\/laits-cereales\/laits-croissance\/laits-croissance-poudre&quot;},{&quot;name&quot;:&quot;Laits de croissance liquide&quot;,&quot;code&quot;:&quot;R12F02SF03SS02&quot;,&quot;id&quot;:&quot;26966&quot;,&quot;type&quot;:&quot;RAYON&quot;,&quot;picto&quot;:null,&quot;level&quot;:4,&quot;sellerId&quot;:null,&quot;slug&quot;:&quot;laits-croissance-liquide&quot;,&quot;selected&quot;:false,&quot;children&quot;:null,&quot;layers&quot;:&quot;\/navigation\/26966\/layers&quot;,&quot;link&quot;:&quot;\/r\/bebe\/laits-cereales\/laits-croissance\/laits-croissance-liquide&quot;}],&quot;layers&quot;:&quot;\/navigation\/26964\/layers&quot;,&quot;link&quot;:&quot;\/r\/bebe\/laits-cereales\/laits-croissance&quot;},{&quot;name&quot;:&quot;C\u00e9r\u00e9ales&quot;,&quot;code&quot;:&quot;R12F02SF04&quot;,&quot;id&quot;:&quot;26967&quot;,&quot;type&quot;:&quot;RAYON&quot;,&quot;picto&quot;:null,&quot;level&quot;:3,&quot;sellerId&quot;:null,&quot;slug&quot;:&quot;cereales&quot;,&quot;selected&quot;:false,&quot;children&quot;:[{&quot;name&quot;:&quot;C\u00e9r\u00e9ales en poudre&quot;,&quot;code&quot;:&quot;R12F02SF04SS01&quot;,&quot;id&quot;:&quot;26968&quot;,&quot;type&quot;:&quot;RAYON&quot;,&quot;picto&quot;:null,&quot;level&quot;:4,&quot;sellerId&quot;:null,&quot;slug&quot;:&quot;cereales-poudre&quot;,&quot;selected&quot;:false,&quot;children&quot;:null,&quot;layers&quot;:&quot;\/navigation\/26968\/layers&quot;,&quot;link&quot;:&quot;\/r\/bebe\/laits-cereales\/cereales\/cereales-poudre&quot;},{&quot;name&quot;:&quot;C\u00e9r\u00e9ales pr\u00eats \u00e0 boire&quot;,&quot;code&quot;:&quot;R12F02SF04SS02&quot;,&quot;id&quot;:&quot;26969&quot;,&quot;type&quot;:&quot;RAYON&quot;,&quot;picto&quot;:null,&quot;level&quot;:4,&quot;sellerId&quot;:null,&quot;slug&quot;:&quot;cereales-pret-a-boire&quot;,&quot;selected&quot;:false,&quot;children&quot;:null,&quot;layers&quot;:&quot;\/navigation\/26969\/layers&quot;,&quot;link&quot;:&quot;\/r\/bebe\/laits-cereales\/cereales\/cereales-pret-a-boire&quot;}],&quot;layers&quot;:&quot;\/navigation\/26967\/layers&quot;,&quot;link&quot;:&quot;\/r\/bebe\/laits-cereales\/cereales&quot;}],&quot;layers&quot;:&quot;\/navigation\/26954\/layers&quot;,&quot;link&quot;:&quot;\/r\/bebe\/laits-cereales&quot;},{&quot;name&quot;:&quot;Repas&quot;,&quot;code&quot;:&quot;R12F03&quot;,&quot;id&quot;:&quot;26955&quot;,&quot;type&quot;:&quot;RAYON&quot;,&quot;picto&quot;:&quot;https:\/\/media.carrefour.fr\/medias\/a8887cf3dba1339ab7287bf921070a97\/p_96x96\/26955.jpg&quot;,&quot;level&quot;:2,&quot;sellerId&quot;:null,&quot;slug&quot;:&quot;repas&quot;,&quot;selected&quot;:false,&quot;children&quot;:[{&quot;name&quot;:&quot;Plats complets&quot;,&quot;code&quot;:&quot;R12F03SF01&quot;,&quot;id&quot;:&quot;26970&quot;,&quot;type&quot;:&quot;RAYON&quot;,&quot;picto&quot;:null,&quot;level&quot;:3,&quot;sellerId&quot;:null,&quot;slug&quot;:&quot;plats-complets&quot;,&quot;selected&quot;:false,&quot;children&quot;:null,&quot;layers&quot;:&quot;\/navigation\/26970\/layers&quot;,&quot;link&quot;:&quot;\/r\/bebe\/repas\/plats-complets&quot;},{&quot;name&quot;:&quot;Plats de l\u00e9gumes&quot;,&quot;code&quot;:&quot;R12F03SF02&quot;,&quot;id&quot;:&quot;26971&quot;,&quot;type&quot;:&quot;RAYON&quot;,&quot;picto&quot;:null,&quot;level&quot;:3,&quot;sellerId&quot;:null,&quot;slug&quot;:&quot;plats-legumes&quot;,&quot;selected&quot;:false,&quot;children&quot;:null,&quot;layers&quot;:&quot;\/navigation\/26971\/layers&quot;,&quot;link&quot;:&quot;\/r\/bebe\/repas\/plats-legumes&quot;},{&quot;name&quot;:&quot;Repas du soir&quot;,&quot;code&quot;:&quot;R12F03SF03&quot;,&quot;id&quot;:&quot;26972&quot;,&quot;type&quot;:&quot;RAYON&quot;,&quot;picto&quot;:null,&quot;level&quot;:3,&quot;sellerId&quot;:null,&quot;slug&quot;:&quot;repas-soir&quot;,&quot;selected&quot;:false,&quot;children&quot;:null,&quot;layers&quot;:&quot;\/navigation\/26972\/layers&quot;,&quot;link&quot;:&quot;\/r\/bebe\/repas\/repas-soir&quot;},{&quot;name&quot;:&quot;Surgel\u00e9s&quot;,&quot;code&quot;:&quot;R12F03SF04&quot;,&quot;id&quot;:&quot;26973&quot;,&quot;type&quot;:&quot;RAYON&quot;,&quot;picto&quot;:null,&quot;level&quot;:3,&quot;sellerId&quot;:null,&quot;slug&quot;:&quot;surgeles&quot;,&quot;selected&quot;:false,&quot;children&quot;:null,&quot;layers&quot;:&quot;\/navigation\/26973\/layers&quot;,&quot;link&quot;:&quot;\/r\/bebe\/repas\/surgeles&quot;}],&quot;layers&quot;:&quot;\/navigation\/26955\/layers&quot;,&quot;link&quot;:&quot;\/r\/bebe\/repas&quot;},{&quot;name&quot;:&quot;Go\u00fbters et Desserts&quot;,&quot;code&quot;:&quot;R12F04&quot;,&quot;id&quot;:&quot;26956&quot;,&quot;type&quot;:&quot;RAYON&quot;,&quot;picto&quot;:&quot;https:\/\/media.carrefour.fr\/medias\/4cb9049b51bc313197eef0e43aaaf5aa\/p_96x96\/26956.jpg&quot;,&quot;level&quot;:2,&quot;sellerId&quot;:null,&quot;slug&quot;:&quot;gouters-desserts&quot;,&quot;selected&quot;:false,&quot;children&quot;:[{&quot;name&quot;:&quot;Desserts aux fruits&quot;,&quot;code&quot;:&quot;R12F04SF01&quot;,&quot;id&quot;:&quot;26974&quot;,&quot;type&quot;:&quot;RAYON&quot;,&quot;picto&quot;:null,&quot;level&quot;:3,&quot;sellerId&quot;:null,&quot;slug&quot;:&quot;desserts-fruits&quot;,&quot;selected&quot;:false,&quot;children&quot;:null,&quot;layers&quot;:&quot;\/navigation\/26974\/layers&quot;,&quot;link&quot;:&quot;\/r\/bebe\/gouters-desserts\/desserts-fruits&quot;},{&quot;name&quot;:&quot;Desserts lact\u00e9s&quot;,&quot;code&quot;:&quot;R12F04SF02&quot;,&quot;id&quot;:&quot;26975&quot;,&quot;type&quot;:&quot;RAYON&quot;,&quot;picto&quot;:null,&quot;level&quot;:3,&quot;sellerId&quot;:null,&quot;slug&quot;:&quot;desserts-lactes&quot;,&quot;selected&quot;:false,&quot;children&quot;:null,&quot;layers&quot;:&quot;\/navigation\/26975\/layers&quot;,&quot;link&quot;:&quot;\/r\/bebe\/gouters-desserts\/desserts-lactes&quot;},{&quot;name&quot;:&quot;Biscuits et Jus&quot;,&quot;code&quot;:&quot;R12F04SF03&quot;,&quot;id&quot;:&quot;26976&quot;,&quot;type&quot;:&quot;RAYON&quot;,&quot;picto&quot;:null,&quot;level&quot;:3,&quot;sellerId&quot;:null,&quot;slug&quot;:&quot;biscuits-jus&quot;,&quot;selected&quot;:false,&quot;children&quot;:null,&quot;layers&quot;:&quot;\/navigation\/26976\/layers&quot;,&quot;link&quot;:&quot;\/r\/bebe\/gouters-desserts\/biscuits-jus&quot;}],&quot;layers&quot;:&quot;\/navigation\/26956\/layers&quot;,&quot;link&quot;:&quot;\/r\/bebe\/gouters-desserts&quot;},{&quot;name&quot;:&quot;Couches et Culottes&quot;,&quot;code&quot;:&quot;R12F05&quot;,&quot;id&quot;:&quot;26957&quot;,&quot;type&quot;:&quot;RAYON&quot;,&quot;picto&quot;:&quot;https:\/\/media.carrefour.fr\/medias\/deba64c22e6b3ff7a34f48904e95912f\/p_96x96\/26957.jpg&quot;,&quot;level&quot;:2,&quot;sellerId&quot;:null,&quot;slug&quot;:&quot;couches-culottes&quot;,&quot;selected&quot;:false,&quot;children&quot;:[{&quot;name&quot;:&quot;Couches Nouveau n\u00e9 et Taille 1 (2-5kg)&quot;,&quot;code&quot;:&quot;R12F05SF01&quot;,&quot;id&quot;:&quot;27059&quot;,&quot;type&quot;:&quot;RAYON&quot;,&quot;picto&quot;:null,&quot;level&quot;:3,&quot;sellerId&quot;:null,&quot;slug&quot;:&quot;couches-nouveau-ne-taille-1&quot;,&quot;selected&quot;:false,&quot;children&quot;:null,&quot;layers&quot;:&quot;\/navigation\/27059\/layers&quot;,&quot;link&quot;:&quot;\/r\/bebe\/couches-culottes\/couches-nouveau-ne-taille-1&quot;},{&quot;name&quot;:&quot;Couches Taille 2 (3-6kg)&quot;,&quot;code&quot;:&quot;R12F05SF02&quot;,&quot;id&quot;:&quot;27060&quot;,&quot;type&quot;:&quot;RAYON&quot;,&quot;picto&quot;:null,&quot;level&quot;:3,&quot;sellerId&quot;:null,&quot;slug&quot;:&quot;couches-taille-2&quot;,&quot;selected&quot;:false,&quot;children&quot;:null,&quot;layers&quot;:&quot;\/navigation\/27060\/layers&quot;,&quot;link&quot;:&quot;\/r\/bebe\/couches-culottes\/couches-taille-2&quot;},{&quot;name&quot;:&quot;Couches Taille 3 (4-9kg)&quot;,&quot;code&quot;:&quot;R12F05SF03&quot;,&quot;id&quot;:&quot;27061&quot;,&quot;type&quot;:&quot;RAYON&quot;,&quot;picto&quot;:null,&quot;level&quot;:3,&quot;sellerId&quot;:null,&quot;slug&quot;:&quot;couches-taille-3&quot;,&quot;selected&quot;:false,&quot;children&quot;:null,&quot;layers&quot;:&quot;\/navigation\/27061\/layers&quot;,&quot;link&quot;:&quot;\/r\/bebe\/couches-culottes\/couches-taille-3&quot;},{&quot;name&quot;:&quot;Couches Taille 4 (7-20kg)&quot;,&quot;code&quot;:&quot;R12F05SF04&quot;,&quot;id&quot;:&quot;27062&quot;,&quot;type&quot;:&quot;RAYON&quot;,&quot;picto&quot;:null,&quot;level&quot;:3,&quot;sellerId&quot;:null,&quot;slug&quot;:&quot;couches-taille-4&quot;,&quot;selected&quot;:false,&quot;children&quot;:null,&quot;layers&quot;:&quot;\/navigation\/27062\/layers&quot;,&quot;link&quot;:&quot;\/r\/bebe\/couches-culottes\/couches-taille-4&quot;},{&quot;name&quot;:&quot;Couches Taille 5 (11-25kg)&quot;,&quot;code&quot;:&quot;R12F05SF05&quot;,&quot;id&quot;:&quot;27063&quot;,&quot;type&quot;:&quot;RAYON&quot;,&quot;picto&quot;:null,&quot;level&quot;:3,&quot;sellerId&quot;:null,&quot;slug&quot;:&quot;couches-taille-5&quot;,&quot;selected&quot;:false,&quot;children&quot;:null,&quot;layers&quot;:&quot;\/navigation\/27063\/layers&quot;,&quot;link&quot;:&quot;\/r\/bebe\/couches-culottes\/couches-taille-5&quot;},{&quot;name&quot;:&quot;Couches Taille 6 et plus (d\u00e8s 16kg)&quot;,&quot;code&quot;:&quot;R12F05SF06&quot;,&quot;id&quot;:&quot;27064&quot;,&quot;type&quot;:&quot;RAYON&quot;,&quot;picto&quot;:null,&quot;level&quot;:3,&quot;sellerId&quot;:null,&quot;slug&quot;:&quot;couches-taille-6-et-plus&quot;,&quot;selected&quot;:false,&quot;children&quot;:null,&quot;layers&quot;:&quot;\/navigation\/27064\/layers&quot;,&quot;link&quot;:&quot;\/r\/bebe\/couches-culottes\/couches-taille-6-et-plus&quot;},{&quot;name&quot;:&quot;Couches-culottes et Baignade&quot;,&quot;code&quot;:&quot;R12F05SF07&quot;,&quot;id&quot;:&quot;27065&quot;,&quot;type&quot;:&quot;RAYON&quot;,&quot;picto&quot;:null,&quot;level&quot;:3,&quot;sellerId&quot;:null,&quot;slug&quot;:&quot;culottes-et-baignade&quot;,&quot;selected&quot;:false,&quot;children&quot;:null,&quot;layers&quot;:&quot;\/navigation\/27065\/layers&quot;,&quot;link&quot;:&quot;\/r\/bebe\/couches-culottes\/culottes-et-baignade&quot;},{&quot;name&quot;:&quot;Pots et Poubelles \u00e0 couches&quot;,&quot;code&quot;:&quot;R12F05SF08&quot;,&quot;id&quot;:&quot;27066&quot;,&quot;type&quot;:&quot;RAYON&quot;,&quot;picto&quot;:null,&quot;level&quot;:3,&quot;sellerId&quot;:null,&quot;slug&quot;:&quot;pots-boubelles-couches&quot;,&quot;selected&quot;:false,&quot;children&quot;:null,&quot;layers&quot;:&quot;\/navigation\/27066\/layers&quot;,&quot;link&quot;:&quot;\/r\/bebe\/couches-culottes\/pots-boubelles-couches&quot;}],&quot;layers&quot;:&quot;\/navigation\/26957\/layers&quot;,&quot;link&quot;:&quot;\/r\/bebe\/couches-culottes&quot;},{&quot;name&quot;:&quot;Toilette et Soins&quot;,&quot;code&quot;:&quot;R12F06&quot;,&quot;id&quot;:&quot;26958&quot;,&quot;type&quot;:&quot;RAYON&quot;,&quot;picto&quot;:&quot;https:\/\/media.carrefour.fr\/medias\/123b5af5febc3acea4cae10b9b63c3ee\/p_96x96\/26958.jpg&quot;,&quot;level&quot;:2,&quot;sellerId&quot;:null,&quot;slug&quot;:&quot;toilette-soins&quot;,&quot;selected&quot;:false,&quot;children&quot;:[{&quot;name&quot;:&quot;Gels lavants et Shampoings&quot;,&quot;code&quot;:&quot;R12F06SF01&quot;,&quot;id&quot;:&quot;26977&quot;,&quot;type&quot;:&quot;RAYON&quot;,&quot;picto&quot;:null,&quot;level&quot;:3,&quot;sellerId&quot;:null,&quot;slug&quot;:&quot;gels-lavants-shampoings&quot;,&quot;selected&quot;:false,&quot;children&quot;:null,&quot;layers&quot;:&quot;\/navigation\/26977\/layers&quot;,&quot;link&quot;:&quot;\/r\/bebe\/toilette-soins\/gels-lavants-shampoings&quot;},{&quot;name&quot;:&quot;Cr\u00e8mes et Liniments&quot;,&quot;code&quot;:&quot;R12F06SF02&quot;,&quot;id&quot;:&quot;26978&quot;,&quot;type&quot;:&quot;RAYON&quot;,&quot;picto&quot;:null,&quot;level&quot;:3,&quot;sellerId&quot;:null,&quot;slug&quot;:&quot;cremes-liniments&quot;,&quot;selected&quot;:false,&quot;children&quot;:null,&quot;layers&quot;:&quot;\/navigation\/26978\/layers&quot;,&quot;link&quot;:&quot;\/r\/bebe\/toilette-soins\/cremes-liniments&quot;},{&quot;name&quot;:&quot;Cotons et Lingettes&quot;,&quot;code&quot;:&quot;R12F06SF03&quot;,&quot;id&quot;:&quot;26979&quot;,&quot;type&quot;:&quot;RAYON&quot;,&quot;picto&quot;:null,&quot;level&quot;:3,&quot;sellerId&quot;:null,&quot;slug&quot;:&quot;cotons-lingettes&quot;,&quot;selected&quot;:false,&quot;children&quot;:null,&quot;layers&quot;:&quot;\/navigation\/26979\/layers&quot;,&quot;link&quot;:&quot;\/r\/bebe\/toilette-soins\/cotons-lingettes&quot;},{&quot;name&quot;:&quot;Soins et Accessoires&quot;,&quot;code&quot;:&quot;R12F06SF04&quot;,&quot;id&quot;:&quot;26980&quot;,&quot;type&quot;:&quot;RAYON&quot;,&quot;picto&quot;:null,&quot;level&quot;:3,&quot;sellerId&quot;:null,&quot;slug&quot;:&quot;soins-accessoires&quot;,&quot;selected&quot;:false,&quot;children&quot;:null,&quot;layers&quot;:&quot;\/navigation\/26980\/layers&quot;,&quot;link&quot;:&quot;\/r\/bebe\/toilette-soins\/soins-accessoires&quot;},{&quot;name&quot;:&quot;Bain&quot;,&quot;code&quot;:&quot;R12F06SF05&quot;,&quot;id&quot;:&quot;26981&quot;,&quot;type&quot;:&quot;RAYON&quot;,&quot;picto&quot;:null,&quot;level&quot;:3,&quot;sellerId&quot;:null,&quot;slug&quot;:&quot;bain&quot;,&quot;selected&quot;:false,&quot;children&quot;:[{&quot;name&quot;:&quot;Baignoires et Si\u00e8ges de bain&quot;,&quot;code&quot;:&quot;R12F06SF05SS01&quot;,&quot;id&quot;:&quot;26982&quot;,&quot;type&quot;:&quot;RAYON&quot;,&quot;picto&quot;:null,&quot;level&quot;:4,&quot;sellerId&quot;:null,&quot;slug&quot;:&quot;baignoires-sieges-de-bain&quot;,&quot;selected&quot;:false,&quot;children&quot;:null,&quot;layers&quot;:&quot;\/navigation\/26982\/layers&quot;,&quot;link&quot;:&quot;\/r\/bebe\/toilette-soins\/bain\/baignoires-sieges-de-bain&quot;},{&quot;name&quot;:&quot;Thermom\u00e8tres de bain&quot;,&quot;code&quot;:&quot;R12F06SF05SS02&quot;,&quot;id&quot;:&quot;26983&quot;,&quot;type&quot;:&quot;RAYON&quot;,&quot;picto&quot;:null,&quot;level&quot;:4,&quot;sellerId&quot;:null,&quot;slug&quot;:&quot;thermometres-bain&quot;,&quot;selected&quot;:false,&quot;children&quot;:null,&quot;layers&quot;:&quot;\/navigation\/26983\/layers&quot;,&quot;link&quot;:&quot;\/r\/bebe\/toilette-soins\/bain\/thermometres-bain&quot;},{&quot;name&quot;:&quot;Capes de bain&quot;,&quot;code&quot;:&quot;R12F06SF05SS03&quot;,&quot;id&quot;:&quot;26985&quot;,&quot;type&quot;:&quot;RAYON&quot;,&quot;picto&quot;:null,&quot;level&quot;:4,&quot;sellerId&quot;:null,&quot;slug&quot;:&quot;capes-bain&quot;,&quot;selected&quot;:false,&quot;children&quot;:null,&quot;layers&quot;:&quot;\/navigation\/26985\/layers&quot;,&quot;link&quot;:&quot;\/r\/bebe\/toilette-soins\/bain\/capes-bain&quot;}],&quot;layers&quot;:&quot;\/navigation\/26981\/layers&quot;,&quot;link&quot;:&quot;\/r\/bebe\/toilette-soins\/bain&quot;}],&quot;layers&quot;:&quot;\/navigation\/26958\/layers&quot;,&quot;link&quot;:&quot;\/r\/bebe\/toilette-soins&quot;},{&quot;name&quot;:&quot;Pu\u00e9riculture&quot;,&quot;code&quot;:&quot;R12F07&quot;,&quot;id&quot;:&quot;26959&quot;,&quot;type&quot;:&quot;RAYON&quot;,&quot;picto&quot;:&quot;https:\/\/media.carrefour.fr\/medias\/8dcdfb9f0d0b3f14b27f1783fa17d316\/p_96x96\/26959.jpg&quot;,&quot;level&quot;:2,&quot;sellerId&quot;:null,&quot;slug&quot;:&quot;puericulture&quot;,&quot;selected&quot;:false,&quot;children&quot;:[{&quot;name&quot;:&quot;Biberons et Accessoires repas&quot;,&quot;code&quot;:&quot;R12F07SF01&quot;,&quot;id&quot;:&quot;26986&quot;,&quot;type&quot;:&quot;RAYON&quot;,&quot;picto&quot;:null,&quot;level&quot;:3,&quot;sellerId&quot;:null,&quot;slug&quot;:&quot;biberons-accessoires-repas&quot;,&quot;selected&quot;:false,&quot;children&quot;:[{&quot;name&quot;:&quot;Chaises hautes et Rehausseurs&quot;,&quot;code&quot;:&quot;R12F07SF01SS01&quot;,&quot;id&quot;:&quot;26998&quot;,&quot;type&quot;:&quot;RAYON&quot;,&quot;picto&quot;:null,&quot;level&quot;:4,&quot;sellerId&quot;:null,&quot;slug&quot;:&quot;chaises-hautes-rehausseurs&quot;,&quot;selected&quot;:false,&quot;children&quot;:null,&quot;layers&quot;:&quot;\/navigation\/26998\/layers&quot;,&quot;link&quot;:&quot;\/r\/bebe\/puericulture\/biberons-accessoires-repas\/chaises-hautes-rehausseurs&quot;},{&quot;name&quot;:&quot;Biberons et Doseurs&quot;,&quot;code&quot;:&quot;R12F07SF01SS02&quot;,&quot;id&quot;:&quot;26999&quot;,&quot;type&quot;:&quot;RAYON&quot;,&quot;picto&quot;:null,&quot;level&quot;:4,&quot;sellerId&quot;:null,&quot;slug&quot;:&quot;biberons-doseurs&quot;,&quot;selected&quot;:false,&quot;children&quot;:null,&quot;layers&quot;:&quot;\/navigation\/26999\/layers&quot;,&quot;link&quot;:&quot;\/r\/bebe\/puericulture\/biberons-accessoires-repas\/biberons-doseurs&quot;},{&quot;name&quot;:&quot;T\u00e9tines et Sucettes&quot;,&quot;code&quot;:&quot;R12F07SF01SS03&quot;,&quot;id&quot;:&quot;27000&quot;,&quot;type&quot;:&quot;RAYON&quot;,&quot;picto&quot;:null,&quot;level&quot;:4,&quot;sellerId&quot;:null,&quot;slug&quot;:&quot;tetines-sucettes&quot;,&quot;selected&quot;:false,&quot;children&quot;:null,&quot;layers&quot;:&quot;\/navigation\/27000\/layers&quot;,&quot;link&quot;:&quot;\/r\/bebe\/puericulture\/biberons-accessoires-repas\/tetines-sucettes&quot;},{&quot;name&quot;:&quot;Chauffe-biberons et St\u00e9rilisateurs&quot;,&quot;code&quot;:&quot;R12F07SF01SS04&quot;,&quot;id&quot;:&quot;27001&quot;,&quot;type&quot;:&quot;RAYON&quot;,&quot;picto&quot;:null,&quot;level&quot;:4,&quot;sellerId&quot;:null,&quot;slug&quot;:&quot;chauffe-biberons-sterilisateurs&quot;,&quot;selected&quot;:false,&quot;children&quot;:null,&quot;layers&quot;:&quot;\/navigation\/27001\/layers&quot;,&quot;link&quot;:&quot;\/r\/bebe\/puericulture\/biberons-accessoires-repas\/chauffe-biberons-sterilisateurs&quot;},{&quot;name&quot;:&quot;Vaisselle&quot;,&quot;code&quot;:&quot;R12F07SF01SS06&quot;,&quot;id&quot;:&quot;27003&quot;,&quot;type&quot;:&quot;RAYON&quot;,&quot;picto&quot;:null,&quot;level&quot;:4,&quot;sellerId&quot;:null,&quot;slug&quot;:&quot;vaisselle&quot;,&quot;selected&quot;:false,&quot;children&quot;:null,&quot;layers&quot;:&quot;\/navigation\/27003\/layers&quot;,&quot;link&quot;:&quot;\/r\/bebe\/puericulture\/biberons-accessoires-repas\/vaisselle&quot;},{&quot;name&quot;:&quot;Bavoirs&quot;,&quot;code&quot;:&quot;R12F07SF01SS07&quot;,&quot;id&quot;:&quot;27004&quot;,&quot;type&quot;:&quot;RAYON&quot;,&quot;picto&quot;:null,&quot;level&quot;:4,&quot;sellerId&quot;:null,&quot;slug&quot;:&quot;bavoirs&quot;,&quot;selected&quot;:false,&quot;children&quot;:null,&quot;layers&quot;:&quot;\/navigation\/27004\/layers&quot;,&quot;link&quot;:&quot;\/r\/bebe\/puericulture\/biberons-accessoires-repas\/bavoirs&quot;}],&quot;layers&quot;:&quot;\/navigation\/26986\/layers&quot;,&quot;link&quot;:&quot;\/r\/bebe\/puericulture\/biberons-accessoires-repas&quot;},{&quot;name&quot;:&quot;Poussettes&quot;,&quot;code&quot;:&quot;R12F07SF02&quot;,&quot;id&quot;:&quot;26987&quot;,&quot;type&quot;:&quot;RAYON&quot;,&quot;picto&quot;:null,&quot;level&quot;:3,&quot;sellerId&quot;:null,&quot;slug&quot;:&quot;poussettes&quot;,&quot;selected&quot;:false,&quot;children&quot;:[{&quot;name&quot;:&quot;Poussettes combin\u00e9es&quot;,&quot;code&quot;:&quot;R12F07SF02SS01&quot;,&quot;id&quot;:&quot;27008&quot;,&quot;type&quot;:&quot;RAYON&quot;,&quot;picto&quot;:null,&quot;level&quot;:4,&quot;sellerId&quot;:null,&quot;slug&quot;:&quot;poussettes-combinees&quot;,&quot;selected&quot;:false,&quot;children&quot;:null,&quot;layers&quot;:&quot;\/navigation\/27008\/layers&quot;,&quot;link&quot;:&quot;\/r\/bebe\/puericulture\/poussettes\/poussettes-combinees&quot;},{&quot;name&quot;:&quot;Poussettes cannes et compactes&quot;,&quot;code&quot;:&quot;R12F07SF02SS03&quot;,&quot;id&quot;:&quot;27010&quot;,&quot;type&quot;:&quot;RAYON&quot;,&quot;picto&quot;:null,&quot;level&quot;:4,&quot;sellerId&quot;:null,&quot;slug&quot;:&quot;poussettes-cannes-compactes&quot;,&quot;selected&quot;:false,&quot;children&quot;:null,&quot;layers&quot;:&quot;\/navigation\/27010\/layers&quot;,&quot;link&quot;:&quot;\/r\/bebe\/puericulture\/poussettes\/poussettes-cannes-compactes&quot;},{&quot;name&quot;:&quot;Protections pluie\/soleil et Accessoires&quot;,&quot;code&quot;:&quot;R12F07SF02SS04&quot;,&quot;id&quot;:&quot;27011&quot;,&quot;type&quot;:&quot;RAYON&quot;,&quot;picto&quot;:null,&quot;level&quot;:4,&quot;sellerId&quot;:null,&quot;slug&quot;:&quot;protections-pluie-soleil-accessoires&quot;,&quot;selected&quot;:false,&quot;children&quot;:null,&quot;layers&quot;:&quot;\/navigation\/27011\/layers&quot;,&quot;link&quot;:&quot;\/r\/bebe\/puericulture\/poussettes\/protections-pluie-soleil-accessoires&quot;},{&quot;name&quot;:&quot;Porte-b\u00e9b\u00e9s&quot;,&quot;code&quot;:&quot;R12F07SF02SS05&quot;,&quot;id&quot;:&quot;27012&quot;,&quot;type&quot;:&quot;RAYON&quot;,&quot;picto&quot;:null,&quot;level&quot;:4,&quot;sellerId&quot;:null,&quot;slug&quot;:&quot;porte-bebes&quot;,&quot;selected&quot;:false,&quot;children&quot;:null,&quot;layers&quot;:&quot;\/navigation\/27012\/layers&quot;,&quot;link&quot;:&quot;\/r\/bebe\/puericulture\/poussettes\/porte-bebes&quot;},{&quot;name&quot;:&quot;Sacs et Tapis \u00e0 langer&quot;,&quot;code&quot;:&quot;R12F07SF02SS06&quot;,&quot;id&quot;:&quot;27013&quot;,&quot;type&quot;:&quot;RAYON&quot;,&quot;picto&quot;:null,&quot;level&quot;:4,&quot;sellerId&quot;:null,&quot;slug&quot;:&quot;sacs-tapis-a-langer&quot;,&quot;selected&quot;:false,&quot;children&quot;:null,&quot;layers&quot;:&quot;\/navigation\/27013\/layers&quot;,&quot;link&quot;:&quot;\/r\/bebe\/puericulture\/poussettes\/sacs-tapis-a-langer&quot;}],&quot;layers&quot;:&quot;\/navigation\/26987\/layers&quot;,&quot;link&quot;:&quot;\/r\/bebe\/puericulture\/poussettes&quot;},{&quot;name&quot;:&quot;Si\u00e8ges auto&quot;,&quot;code&quot;:&quot;R12F07SF03&quot;,&quot;id&quot;:&quot;26988&quot;,&quot;type&quot;:&quot;RAYON&quot;,&quot;picto&quot;:null,&quot;level&quot;:3,&quot;sellerId&quot;:null,&quot;slug&quot;:&quot;sieges-auto&quot;,&quot;selected&quot;:false,&quot;children&quot;:[{&quot;name&quot;:&quot;Groupe 0\/0 \/1 (0-18kg) et Cosy&quot;,&quot;code&quot;:&quot;R12F07SF03SS01&quot;,&quot;id&quot;:&quot;27014&quot;,&quot;type&quot;:&quot;RAYON&quot;,&quot;picto&quot;:null,&quot;level&quot;:4,&quot;sellerId&quot;:null,&quot;slug&quot;:&quot;groupe-0-a-1-cosy&quot;,&quot;selected&quot;:false,&quot;children&quot;:null,&quot;layers&quot;:&quot;\/navigation\/27014\/layers&quot;,&quot;link&quot;:&quot;\/r\/bebe\/puericulture\/sieges-auto\/groupe-0-a-1-cosy&quot;},{&quot;name&quot;:&quot;Groupe 1\/2\/3 (9- 36kg)&quot;,&quot;code&quot;:&quot;R12F07SF03SS02&quot;,&quot;id&quot;:&quot;27015&quot;,&quot;type&quot;:&quot;RAYON&quot;,&quot;picto&quot;:null,&quot;level&quot;:4,&quot;sellerId&quot;:null,&quot;slug&quot;:&quot;groupe-1-2-3&quot;,&quot;selected&quot;:false,&quot;children&quot;:null,&quot;layers&quot;:&quot;\/navigation\/27015\/layers&quot;,&quot;link&quot;:&quot;\/r\/bebe\/puericulture\/sieges-auto\/groupe-1-2-3&quot;},{&quot;name&quot;:&quot;Groupe 2\/3 (15-36kg)&quot;,&quot;code&quot;:&quot;R12F07SF03SS03&quot;,&quot;id&quot;:&quot;27016&quot;,&quot;type&quot;:&quot;RAYON&quot;,&quot;picto&quot;:null,&quot;level&quot;:4,&quot;sellerId&quot;:null,&quot;slug&quot;:&quot;groupe-2-3&quot;,&quot;selected&quot;:false,&quot;children&quot;:null,&quot;layers&quot;:&quot;\/navigation\/27016\/layers&quot;,&quot;link&quot;:&quot;\/r\/bebe\/puericulture\/sieges-auto\/groupe-2-3&quot;},{&quot;name&quot;:&quot;Rehausseurs&quot;,&quot;code&quot;:&quot;R12F07SF03SS04&quot;,&quot;id&quot;:&quot;27017&quot;,&quot;type&quot;:&quot;RAYON&quot;,&quot;picto&quot;:null,&quot;level&quot;:4,&quot;sellerId&quot;:null,&quot;slug&quot;:&quot;rehausseurs&quot;,&quot;selected&quot;:false,&quot;children&quot;:null,&quot;layers&quot;:&quot;\/navigation\/27017\/layers&quot;,&quot;link&quot;:&quot;\/r\/bebe\/puericulture\/sieges-auto\/rehausseurs&quot;},{&quot;name&quot;:&quot;Cale-t\u00eate&quot;,&quot;code&quot;:&quot;R12F07SF03SS05&quot;,&quot;id&quot;:&quot;27018&quot;,&quot;type&quot;:&quot;RAYON&quot;,&quot;picto&quot;:null,&quot;level&quot;:4,&quot;sellerId&quot;:null,&quot;slug&quot;:&quot;cale-tete&quot;,&quot;selected&quot;:false,&quot;children&quot;:null,&quot;layers&quot;:&quot;\/navigation\/27018\/layers&quot;,&quot;link&quot;:&quot;\/r\/bebe\/puericulture\/sieges-auto\/cale-tete&quot;},{&quot;name&quot;:&quot;Fixations si\u00e8ge-auto et Accessoires&quot;,&quot;code&quot;:&quot;R12F07SF03SS06&quot;,&quot;id&quot;:&quot;27019&quot;,&quot;type&quot;:&quot;RAYON&quot;,&quot;picto&quot;:null,&quot;level&quot;:4,&quot;sellerId&quot;:null,&quot;slug&quot;:&quot;fixations-siege-auto-accessoires&quot;,&quot;selected&quot;:false,&quot;children&quot;:null,&quot;layers&quot;:&quot;\/navigation\/27019\/layers&quot;,&quot;link&quot;:&quot;\/r\/bebe\/puericulture\/sieges-auto\/fixations-siege-auto-accessoires&quot;}],&quot;layers&quot;:&quot;\/navigation\/26988\/layers&quot;,&quot;link&quot;:&quot;\/r\/bebe\/puericulture\/sieges-auto&quot;},{&quot;name&quot;:&quot;Eveil et Jouets&quot;,&quot;code&quot;:&quot;R12F07SF04&quot;,&quot;id&quot;:&quot;26989&quot;,&quot;type&quot;:&quot;RAYON&quot;,&quot;picto&quot;:null,&quot;level&quot;:3,&quot;sellerId&quot;:null,&quot;slug&quot;:&quot;eveil-jouets&quot;,&quot;selected&quot;:false,&quot;children&quot;:[{&quot;name&quot;:&quot;Transats&quot;,&quot;code&quot;:&quot;R12F07SF04SS01&quot;,&quot;id&quot;:&quot;27005&quot;,&quot;type&quot;:&quot;RAYON&quot;,&quot;picto&quot;:null,&quot;level&quot;:4,&quot;sellerId&quot;:null,&quot;slug&quot;:&quot;transats&quot;,&quot;selected&quot;:false,&quot;children&quot;:null,&quot;layers&quot;:&quot;\/navigation\/27005\/layers&quot;,&quot;link&quot;:&quot;\/r\/bebe\/puericulture\/eveil-jouets\/transats&quot;},{&quot;name&quot;:&quot;Trotteurs&quot;,&quot;code&quot;:&quot;R12F07SF04SS03&quot;,&quot;id&quot;:&quot;27007&quot;,&quot;type&quot;:&quot;RAYON&quot;,&quot;picto&quot;:null,&quot;level&quot;:4,&quot;sellerId&quot;:null,&quot;slug&quot;:&quot;trotteurs&quot;,&quot;selected&quot;:false,&quot;children&quot;:null,&quot;layers&quot;:&quot;\/navigation\/27007\/layers&quot;,&quot;link&quot;:&quot;\/r\/bebe\/puericulture\/eveil-jouets\/trotteurs&quot;},{&quot;name&quot;:&quot;Porteurs&quot;,&quot;code&quot;:&quot;R12F07SF04SS04&quot;,&quot;id&quot;:&quot;27025&quot;,&quot;type&quot;:&quot;RAYON&quot;,&quot;picto&quot;:null,&quot;level&quot;:4,&quot;sellerId&quot;:null,&quot;slug&quot;:&quot;porteurs&quot;,&quot;selected&quot;:false,&quot;children&quot;:null,&quot;layers&quot;:&quot;\/navigation\/27025\/layers&quot;,&quot;link&quot;:&quot;\/r\/bebe\/puericulture\/eveil-jouets\/porteurs&quot;},{&quot;name&quot;:&quot;Parcs et Tapis&quot;,&quot;code&quot;:&quot;R12F07SF04SS05&quot;,&quot;id&quot;:&quot;27026&quot;,&quot;type&quot;:&quot;RAYON&quot;,&quot;picto&quot;:null,&quot;level&quot;:4,&quot;sellerId&quot;:null,&quot;slug&quot;:&quot;parcs-tapis&quot;,&quot;selected&quot;:false,&quot;children&quot;:null,&quot;layers&quot;:&quot;\/navigation\/27026\/layers&quot;,&quot;link&quot;:&quot;\/r\/bebe\/puericulture\/eveil-jouets\/parcs-tapis&quot;},{&quot;name&quot;:&quot;Veilleuses et Berceuses&quot;,&quot;code&quot;:&quot;R12F07SF04SS06&quot;,&quot;id&quot;:&quot;27027&quot;,&quot;type&quot;:&quot;RAYON&quot;,&quot;picto&quot;:null,&quot;level&quot;:4,&quot;sellerId&quot;:null,&quot;slug&quot;:&quot;veilleuses-berceuses&quot;,&quot;selected&quot;:false,&quot;children&quot;:null,&quot;layers&quot;:&quot;\/navigation\/27027\/layers&quot;,&quot;link&quot;:&quot;\/r\/bebe\/puericulture\/eveil-jouets\/veilleuses-berceuses&quot;}],&quot;layers&quot;:&quot;\/navigation\/26989\/layers&quot;,&quot;link&quot;:&quot;\/r\/bebe\/puericulture\/eveil-jouets&quot;},{&quot;name&quot;:&quot;Chambre et S\u00e9curit\u00e9 &quot;,&quot;code&quot;:&quot;R12F07SF05&quot;,&quot;id&quot;:&quot;26990&quot;,&quot;type&quot;:&quot;RAYON&quot;,&quot;picto&quot;:null,&quot;level&quot;:3,&quot;sellerId&quot;:null,&quot;slug&quot;:&quot;chambre-securite&quot;,&quot;selected&quot;:false,&quot;children&quot;:[{&quot;name&quot;:&quot;Lits b\u00e9b\u00e9&quot;,&quot;code&quot;:&quot;R12F07SF05SS01&quot;,&quot;id&quot;:&quot;27028&quot;,&quot;type&quot;:&quot;RAYON&quot;,&quot;picto&quot;:null,&quot;level&quot;:4,&quot;sellerId&quot;:null,&quot;slug&quot;:&quot;lits-bebe&quot;,&quot;selected&quot;:false,&quot;children&quot;:null,&quot;layers&quot;:&quot;\/navigation\/27028\/layers&quot;,&quot;link&quot;:&quot;\/r\/bebe\/puericulture\/chambre-securite\/lits-bebe&quot;},{&quot;name&quot;:&quot;Matelas b\u00e9b\u00e9&quot;,&quot;code&quot;:&quot;R12F07SF05SS02&quot;,&quot;id&quot;:&quot;27029&quot;,&quot;type&quot;:&quot;RAYON&quot;,&quot;picto&quot;:null,&quot;level&quot;:4,&quot;sellerId&quot;:null,&quot;slug&quot;:&quot;matelas-bebe&quot;,&quot;selected&quot;:false,&quot;children&quot;:null,&quot;layers&quot;:&quot;\/navigation\/27029\/layers&quot;,&quot;link&quot;:&quot;\/r\/bebe\/puericulture\/chambre-securite\/matelas-bebe&quot;},{&quot;name&quot;:&quot;Linge de lit&quot;,&quot;code&quot;:&quot;R12F07SF05SS03&quot;,&quot;id&quot;:&quot;27030&quot;,&quot;type&quot;:&quot;RAYON&quot;,&quot;picto&quot;:null,&quot;level&quot;:4,&quot;sellerId&quot;:null,&quot;slug&quot;:&quot;linge-lit&quot;,&quot;selected&quot;:false,&quot;children&quot;:null,&quot;layers&quot;:&quot;\/navigation\/27030\/layers&quot;,&quot;link&quot;:&quot;\/r\/bebe\/puericulture\/chambre-securite\/linge-lit&quot;},{&quot;name&quot;:&quot;Commodes et Armoires&quot;,&quot;code&quot;:&quot;R12F07SF05SS04&quot;,&quot;id&quot;:&quot;27031&quot;,&quot;type&quot;:&quot;RAYON&quot;,&quot;picto&quot;:null,&quot;level&quot;:4,&quot;sellerId&quot;:null,&quot;slug&quot;:&quot;commodes-armoires&quot;,&quot;selected&quot;:false,&quot;children&quot;:null,&quot;layers&quot;:&quot;\/navigation\/27031\/layers&quot;,&quot;link&quot;:&quot;\/r\/bebe\/puericulture\/chambre-securite\/commodes-armoires&quot;},{&quot;name&quot;:&quot;Tables et Matelas \u00e0 langer&quot;,&quot;code&quot;:&quot;R12F07SF05SS05&quot;,&quot;id&quot;:&quot;27068&quot;,&quot;type&quot;:&quot;RAYON&quot;,&quot;picto&quot;:null,&quot;level&quot;:4,&quot;sellerId&quot;:null,&quot;slug&quot;:&quot;tables-matelas-langer&quot;,&quot;selected&quot;:false,&quot;children&quot;:null,&quot;layers&quot;:&quot;\/navigation\/27068\/layers&quot;,&quot;link&quot;:&quot;\/r\/bebe\/puericulture\/chambre-securite\/tables-matelas-langer&quot;},{&quot;name&quot;:&quot;D\u00e9coration&quot;,&quot;code&quot;:&quot;R12F07SF05SS06&quot;,&quot;id&quot;:&quot;27032&quot;,&quot;type&quot;:&quot;RAYON&quot;,&quot;picto&quot;:null,&quot;level&quot;:4,&quot;sellerId&quot;:null,&quot;slug&quot;:&quot;decoration&quot;,&quot;selected&quot;:false,&quot;children&quot;:null,&quot;layers&quot;:&quot;\/navigation\/27032\/layers&quot;,&quot;link&quot;:&quot;\/r\/bebe\/puericulture\/chambre-securite\/decoration&quot;},{&quot;name&quot;:&quot;Babyphone et Ecoute b\u00e9b\u00e9&quot;,&quot;code&quot;:&quot;R12F07SF05SS07&quot;,&quot;id&quot;:&quot;27033&quot;,&quot;type&quot;:&quot;RAYON&quot;,&quot;picto&quot;:null,&quot;level&quot;:4,&quot;sellerId&quot;:null,&quot;slug&quot;:&quot;babyphone-ecoute-bebe&quot;,&quot;selected&quot;:false,&quot;children&quot;:null,&quot;layers&quot;:&quot;\/navigation\/27033\/layers&quot;,&quot;link&quot;:&quot;\/r\/bebe\/puericulture\/chambre-securite\/babyphone-ecoute-bebe&quot;},{&quot;name&quot;:&quot;Barri\u00e8res et Accessoires de s\u00e9curit\u00e9&quot;,&quot;code&quot;:&quot;R12F07SF05SS08&quot;,&quot;id&quot;:&quot;27067&quot;,&quot;type&quot;:&quot;RAYON&quot;,&quot;picto&quot;:null,&quot;level&quot;:4,&quot;sellerId&quot;:null,&quot;slug&quot;:&quot;barrieres-accessoires-securite&quot;,&quot;selected&quot;:false,&quot;children&quot;:null,&quot;layers&quot;:&quot;\/navigation\/27067\/layers&quot;,&quot;link&quot;:&quot;\/r\/bebe\/puericulture\/chambre-securite\/barrieres-accessoires-securite&quot;}],&quot;layers&quot;:&quot;\/navigation\/26990\/layers&quot;,&quot;link&quot;:&quot;\/r\/bebe\/puericulture\/chambre-securite&quot;}],&quot;layers&quot;:&quot;\/navigation\/26959\/layers&quot;,&quot;link&quot;:&quot;\/r\/bebe\/puericulture&quot;},{&quot;name&quot;:&quot;V\u00eatements&quot;,&quot;code&quot;:&quot;R12F08&quot;,&quot;id&quot;:&quot;26960&quot;,&quot;type&quot;:&quot;RAYON&quot;,&quot;picto&quot;:&quot;https:\/\/media.carrefour.fr\/medias\/c588f5ffb10134558180f7dc16cf2a4e\/p_96x96\/26960.jpg&quot;,&quot;level&quot;:2,&quot;sellerId&quot;:null,&quot;slug&quot;:&quot;vetements&quot;,&quot;selected&quot;:false,&quot;children&quot;:[{&quot;name&quot;:&quot;Naissance (0-12mois)&quot;,&quot;code&quot;:&quot;R12F08SF01&quot;,&quot;id&quot;:&quot;26991&quot;,&quot;type&quot;:&quot;RAYON&quot;,&quot;picto&quot;:null,&quot;level&quot;:3,&quot;sellerId&quot;:null,&quot;slug&quot;:&quot;naissance-0-12-mois&quot;,&quot;selected&quot;:false,&quot;children&quot;:[{&quot;name&quot;:&quot;Pyjamas et Grenouill\u00e8res&quot;,&quot;code&quot;:&quot;R12F08SF01SS01&quot;,&quot;id&quot;:&quot;27035&quot;,&quot;type&quot;:&quot;RAYON&quot;,&quot;picto&quot;:null,&quot;level&quot;:4,&quot;sellerId&quot;:null,&quot;slug&quot;:&quot;pyjamas-grenouilleres&quot;,&quot;selected&quot;:false,&quot;children&quot;:null,&quot;layers&quot;:&quot;\/navigation\/27035\/layers&quot;,&quot;link&quot;:&quot;\/r\/bebe\/vetements\/naissance-0-12-mois\/pyjamas-grenouilleres&quot;},{&quot;name&quot;:&quot;Bodies&quot;,&quot;code&quot;:&quot;R12F08SF01SS03&quot;,&quot;id&quot;:&quot;27037&quot;,&quot;type&quot;:&quot;RAYON&quot;,&quot;picto&quot;:null,&quot;level&quot;:4,&quot;sellerId&quot;:null,&quot;slug&quot;:&quot;bodies&quot;,&quot;selected&quot;:false,&quot;children&quot;:null,&quot;layers&quot;:&quot;\/navigation\/27037\/layers&quot;,&quot;link&quot;:&quot;\/r\/bebe\/vetements\/naissance-0-12-mois\/bodies&quot;}],&quot;layers&quot;:&quot;\/navigation\/26991\/layers&quot;,&quot;link&quot;:&quot;\/r\/bebe\/vetements\/naissance-0-12-mois&quot;},{&quot;name&quot;:&quot;B\u00e9b\u00e9 Fille (3-36mois)&quot;,&quot;code&quot;:&quot;R12F08SF02&quot;,&quot;id&quot;:&quot;26992&quot;,&quot;type&quot;:&quot;RAYON&quot;,&quot;picto&quot;:null,&quot;level&quot;:3,&quot;sellerId&quot;:null,&quot;slug&quot;:&quot;bebe-fille-3-36-mois&quot;,&quot;selected&quot;:false,&quot;children&quot;:[{&quot;name&quot;:&quot;Bodies&quot;,&quot;code&quot;:&quot;R12F08SF02SS01&quot;,&quot;id&quot;:&quot;27039&quot;,&quot;type&quot;:&quot;RAYON&quot;,&quot;picto&quot;:null,&quot;level&quot;:4,&quot;sellerId&quot;:null,&quot;slug&quot;:&quot;bodies&quot;,&quot;selected&quot;:false,&quot;children&quot;:null,&quot;layers&quot;:&quot;\/navigation\/27039\/layers&quot;,&quot;link&quot;:&quot;\/r\/bebe\/vetements\/bebe-fille-3-36-mois\/bodies&quot;},{&quot;name&quot;:&quot;Pyjamas&quot;,&quot;code&quot;:&quot;R12F08SF02SS02&quot;,&quot;id&quot;:&quot;27040&quot;,&quot;type&quot;:&quot;RAYON&quot;,&quot;picto&quot;:null,&quot;level&quot;:4,&quot;sellerId&quot;:null,&quot;slug&quot;:&quot;pyjamas&quot;,&quot;selected&quot;:false,&quot;children&quot;:null,&quot;layers&quot;:&quot;\/navigation\/27040\/layers&quot;,&quot;link&quot;:&quot;\/r\/bebe\/vetements\/bebe-fille-3-36-mois\/pyjamas&quot;},{&quot;name&quot;:&quot;Hauts&quot;,&quot;code&quot;:&quot;R12F08SF02SS03&quot;,&quot;id&quot;:&quot;27041&quot;,&quot;type&quot;:&quot;RAYON&quot;,&quot;picto&quot;:null,&quot;level&quot;:4,&quot;sellerId&quot;:null,&quot;slug&quot;:&quot;hauts&quot;,&quot;selected&quot;:false,&quot;children&quot;:null,&quot;layers&quot;:&quot;\/navigation\/27041\/layers&quot;,&quot;link&quot;:&quot;\/r\/bebe\/vetements\/bebe-fille-3-36-mois\/hauts&quot;},{&quot;name&quot;:&quot;Manteaux&quot;,&quot;code&quot;:&quot;R12F08SF02SS06&quot;,&quot;id&quot;:&quot;27044&quot;,&quot;type&quot;:&quot;RAYON&quot;,&quot;picto&quot;:null,&quot;level&quot;:4,&quot;sellerId&quot;:null,&quot;slug&quot;:&quot;manteaux&quot;,&quot;selected&quot;:false,&quot;children&quot;:null,&quot;layers&quot;:&quot;\/navigation\/27044\/layers&quot;,&quot;link&quot;:&quot;\/r\/bebe\/vetements\/bebe-fille-3-36-mois\/manteaux&quot;},{&quot;name&quot;:&quot;Chaussettes et Bonnets&quot;,&quot;code&quot;:&quot;R12F08SF02SS07&quot;,&quot;id&quot;:&quot;27045&quot;,&quot;type&quot;:&quot;RAYON&quot;,&quot;picto&quot;:null,&quot;level&quot;:4,&quot;sellerId&quot;:null,&quot;slug&quot;:&quot;chaussettes-bonnets&quot;,&quot;selected&quot;:false,&quot;children&quot;:null,&quot;layers&quot;:&quot;\/navigation\/27045\/layers&quot;,&quot;link&quot;:&quot;\/r\/bebe\/vetements\/bebe-fille-3-36-mois\/chaussettes-bonnets&quot;}],&quot;layers&quot;:&quot;\/navigation\/26992\/layers&quot;,&quot;link&quot;:&quot;\/r\/bebe\/vetements\/bebe-fille-3-36-mois&quot;},{&quot;name&quot;:&quot;B\u00e9b\u00e9 Gar\u00e7on (3-36mois)&quot;,&quot;code&quot;:&quot;R12F08SF03&quot;,&quot;id&quot;:&quot;26993&quot;,&quot;type&quot;:&quot;RAYON&quot;,&quot;picto&quot;:null,&quot;level&quot;:3,&quot;sellerId&quot;:null,&quot;slug&quot;:&quot;bebe-garcon-3-36-mois&quot;,&quot;selected&quot;:false,&quot;children&quot;:[{&quot;name&quot;:&quot;Bodies&quot;,&quot;code&quot;:&quot;R12F08SF03SS01&quot;,&quot;id&quot;:&quot;27046&quot;,&quot;type&quot;:&quot;RAYON&quot;,&quot;picto&quot;:null,&quot;level&quot;:4,&quot;sellerId&quot;:null,&quot;slug&quot;:&quot;bodies&quot;,&quot;selected&quot;:false,&quot;children&quot;:null,&quot;layers&quot;:&quot;\/navigation\/27046\/layers&quot;,&quot;link&quot;:&quot;\/r\/bebe\/vetements\/bebe-garcon-3-36-mois\/bodies&quot;},{&quot;name&quot;:&quot;Pyjamas&quot;,&quot;code&quot;:&quot;R12F08SF03SS02&quot;,&quot;id&quot;:&quot;27047&quot;,&quot;type&quot;:&quot;RAYON&quot;,&quot;picto&quot;:null,&quot;level&quot;:4,&quot;sellerId&quot;:null,&quot;slug&quot;:&quot;pyjamas&quot;,&quot;selected&quot;:false,&quot;children&quot;:null,&quot;layers&quot;:&quot;\/navigation\/27047\/layers&quot;,&quot;link&quot;:&quot;\/r\/bebe\/vetements\/bebe-garcon-3-36-mois\/pyjamas&quot;},{&quot;name&quot;:&quot;Pantalons&quot;,&quot;code&quot;:&quot;R12F08SF03SS04&quot;,&quot;id&quot;:&quot;27049&quot;,&quot;type&quot;:&quot;RAYON&quot;,&quot;picto&quot;:null,&quot;level&quot;:4,&quot;sellerId&quot;:null,&quot;slug&quot;:&quot;pantalons&quot;,&quot;selected&quot;:false,&quot;children&quot;:null,&quot;layers&quot;:&quot;\/navigation\/27049\/layers&quot;,&quot;link&quot;:&quot;\/r\/bebe\/vetements\/bebe-garcon-3-36-mois\/pantalons&quot;},{&quot;name&quot;:&quot;Manteaux&quot;,&quot;code&quot;:&quot;R12F08SF03SS05&quot;,&quot;id&quot;:&quot;27050&quot;,&quot;type&quot;:&quot;RAYON&quot;,&quot;picto&quot;:null,&quot;level&quot;:4,&quot;sellerId&quot;:null,&quot;slug&quot;:&quot;manteaux&quot;,&quot;selected&quot;:false,&quot;children&quot;:null,&quot;layers&quot;:&quot;\/navigation\/27050\/layers&quot;,&quot;link&quot;:&quot;\/r\/bebe\/vetements\/bebe-garcon-3-36-mois\/manteaux&quot;},{&quot;name&quot;:&quot;Chaussettes et Bonnets&quot;,&quot;code&quot;:&quot;R12F08SF03SS06&quot;,&quot;id&quot;:&quot;27051&quot;,&quot;type&quot;:&quot;RAYON&quot;,&quot;picto&quot;:null,&quot;level&quot;:4,&quot;sellerId&quot;:null,&quot;slug&quot;:&quot;chaussettes-bonnets&quot;,&quot;selected&quot;:false,&quot;children&quot;:null,&quot;layers&quot;:&quot;\/navigation\/27051\/layers&quot;,&quot;link&quot;:&quot;\/r\/bebe\/vetements\/bebe-garcon-3-36-mois\/chaussettes-bonnets&quot;}],&quot;layers&quot;:&quot;\/navigation\/26993\/layers&quot;,&quot;link&quot;:&quot;\/r\/bebe\/vetements\/bebe-garcon-3-36-mois&quot;},{&quot;name&quot;:&quot;Chaussures, Chaussons et Accessoires&quot;,&quot;code&quot;:&quot;R12F08SF04&quot;,&quot;id&quot;:&quot;26994&quot;,&quot;type&quot;:&quot;RAYON&quot;,&quot;picto&quot;:null,&quot;level&quot;:3,&quot;sellerId&quot;:null,&quot;slug&quot;:&quot;chaussures-chaussons-accessoires&quot;,&quot;selected&quot;:false,&quot;children&quot;:null,&quot;layers&quot;:&quot;\/navigation\/26994\/layers&quot;,&quot;link&quot;:&quot;\/r\/bebe\/vetements\/chaussures-chaussons-accessoires&quot;}],&quot;layers&quot;:&quot;\/navigation\/26960\/layers&quot;,&quot;link&quot;:&quot;\/r\/bebe\/vetements&quot;},{&quot;name&quot;:&quot;Maternit\u00e9 et Allaitement&quot;,&quot;code&quot;:&quot;R12F09&quot;,&quot;id&quot;:&quot;26961&quot;,&quot;type&quot;:&quot;RAYON&quot;,&quot;picto&quot;:&quot;https:\/\/media.carrefour.fr\/medias\/e360d273e0303adbbefe5ebdf4435038\/p_96x96\/26961.jpg&quot;,&quot;level&quot;:2,&quot;sellerId&quot;:null,&quot;slug&quot;:&quot;maternite-allaitement&quot;,&quot;selected&quot;:false,&quot;children&quot;:[{&quot;name&quot;:&quot;Tire-laits et Accessoires&quot;,&quot;code&quot;:&quot;R12F09SF01&quot;,&quot;id&quot;:&quot;26995&quot;,&quot;type&quot;:&quot;RAYON&quot;,&quot;picto&quot;:null,&quot;level&quot;:3,&quot;sellerId&quot;:null,&quot;slug&quot;:&quot;tire-laits-accessoires&quot;,&quot;selected&quot;:false,&quot;children&quot;:null,&quot;layers&quot;:&quot;\/navigation\/26995\/layers&quot;,&quot;link&quot;:&quot;\/r\/bebe\/maternite-allaitement\/tire-laits-accessoires&quot;},{&quot;name&quot;:&quot;Coussins d&#039;allaitement&quot;,&quot;code&quot;:&quot;R12F09SF02&quot;,&quot;id&quot;:&quot;26996&quot;,&quot;type&quot;:&quot;RAYON&quot;,&quot;picto&quot;:null,&quot;level&quot;:3,&quot;sellerId&quot;:null,&quot;slug&quot;:&quot;coussins-allaitement&quot;,&quot;selected&quot;:false,&quot;children&quot;:null,&quot;layers&quot;:&quot;\/navigation\/26996\/layers&quot;,&quot;link&quot;:&quot;\/r\/bebe\/maternite-allaitement\/coussins-allaitement&quot;},{&quot;name&quot;:&quot;Lingerie&quot;,&quot;code&quot;:&quot;R12F09SF03&quot;,&quot;id&quot;:&quot;26997&quot;,&quot;type&quot;:&quot;RAYON&quot;,&quot;picto&quot;:null,&quot;level&quot;:3,&quot;sellerId&quot;:null,&quot;slug&quot;:&quot;lingerie&quot;,&quot;selected&quot;:false,&quot;children&quot;:null,&quot;layers&quot;:&quot;\/navigation\/26997\/layers&quot;,&quot;link&quot;:&quot;\/r\/bebe\/maternite-allaitement\/lingerie&quot;}],&quot;layers&quot;:&quot;\/navigation\/26961\/layers&quot;,&quot;link&quot;:&quot;\/r\/bebe\/maternite-allaitement&quot;}],&quot;layers&quot;:&quot;\/navigation\/26953\/layers&quot;,&quot;link&quot;:&quot;\/r\/bebe&quot;},{&quot;name&quot;:&quot;Hygi\u00e8ne et Beaut\u00e9&quot;,&quot;code&quot;:&quot;R13&quot;,&quot;id&quot;:&quot;2415&quot;,&quot;type&quot;:&quot;RAYON&quot;,&quot;picto&quot;:&quot;https:\/\/media.carrefour.fr\/medias\/a0812ad978dd398e92bad45650bcc925\/p_96x96\/2415.jpg&quot;,&quot;level&quot;:1,&quot;sellerId&quot;:null,&quot;slug&quot;:&quot;hygiene-et-beaute&quot;,&quot;selected&quot;:false,&quot;children&quot;:[{&quot;name&quot;:&quot;Papier toilette, Mouchoirs et Cotons&quot;,&quot;code&quot;:&quot;R13F02&quot;,&quot;id&quot;:&quot;2416&quot;,&quot;type&quot;:&quot;RAYON&quot;,&quot;picto&quot;:&quot;https:\/\/media.carrefour.fr\/medias\/f5e6ed377fb53f1db517a1b265d253ae\/p_96x96\/2416.jpg&quot;,&quot;level&quot;:2,&quot;sellerId&quot;:null,&quot;slug&quot;:&quot;papier-toilette-mouchoirs-et-cotons&quot;,&quot;selected&quot;:false,&quot;children&quot;:[{&quot;name&quot;:&quot;Papier toilette&quot;,&quot;code&quot;:&quot;R13F02SF01&quot;,&quot;id&quot;:&quot;2417&quot;,&quot;type&quot;:&quot;RAYON&quot;,&quot;picto&quot;:null,&quot;level&quot;:3,&quot;sellerId&quot;:null,&quot;slug&quot;:&quot;papier-toilette&quot;,&quot;selected&quot;:false,&quot;children&quot;:null,&quot;layers&quot;:&quot;\/navigation\/2417\/layers&quot;,&quot;link&quot;:&quot;\/r\/hygiene-et-beaute\/papier-toilette-mouchoirs-et-cotons\/papier-toilette&quot;},{&quot;name&quot;:&quot;Mouchoirs en papier&quot;,&quot;code&quot;:&quot;R13F02SF02&quot;,&quot;id&quot;:&quot;2418&quot;,&quot;type&quot;:&quot;RAYON&quot;,&quot;picto&quot;:null,&quot;level&quot;:3,&quot;sellerId&quot;:null,&quot;slug&quot;:&quot;mouchoirs-en-papier&quot;,&quot;selected&quot;:false,&quot;children&quot;:null,&quot;layers&quot;:&quot;\/navigation\/2418\/layers&quot;,&quot;link&quot;:&quot;\/r\/hygiene-et-beaute\/papier-toilette-mouchoirs-et-cotons\/mouchoirs-en-papier&quot;},{&quot;name&quot;:&quot;Cotons et Cotons tiges&quot;,&quot;code&quot;:&quot;R13F02SF03&quot;,&quot;id&quot;:&quot;2419&quot;,&quot;type&quot;:&quot;RAYON&quot;,&quot;picto&quot;:null,&quot;level&quot;:3,&quot;sellerId&quot;:null,&quot;slug&quot;:&quot;cotons-et-cotons-tiges&quot;,&quot;selected&quot;:false,&quot;children&quot;:null,&quot;layers&quot;:&quot;\/navigation\/2419\/layers&quot;,&quot;link&quot;:&quot;\/r\/hygiene-et-beaute\/papier-toilette-mouchoirs-et-cotons\/cotons-et-cotons-tiges&quot;}],&quot;layers&quot;:&quot;\/navigation\/2416\/layers&quot;,&quot;link&quot;:&quot;\/r\/hygiene-et-beaute\/papier-toilette-mouchoirs-et-cotons&quot;},{&quot;name&quot;:&quot;Le corps&quot;,&quot;code&quot;:&quot;R13F03&quot;,&quot;id&quot;:&quot;2420&quot;,&quot;type&quot;:&quot;RAYON&quot;,&quot;picto&quot;:&quot;https:\/\/media.carrefour.fr\/medias\/b3e88950855b36f1a8c5f6b00f9c89ff\/p_96x96\/2420.jpg&quot;,&quot;level&quot;:2,&quot;sellerId&quot;:null,&quot;slug&quot;:&quot;le-corps&quot;,&quot;selected&quot;:false,&quot;children&quot;:[{&quot;name&quot;:&quot;Eaux de toilette et Eaux de Cologne&quot;,&quot;code&quot;:&quot;R13F03SF01&quot;,&quot;id&quot;:&quot;2428&quot;,&quot;type&quot;:&quot;RAYON&quot;,&quot;picto&quot;:null,&quot;level&quot;:3,&quot;sellerId&quot;:null,&quot;slug&quot;:&quot;eaux-de-toilette-eaux-de-cologne&quot;,&quot;selected&quot;:false,&quot;children&quot;:null,&quot;layers&quot;:&quot;\/navigation\/2428\/layers&quot;,&quot;link&quot;:&quot;\/r\/hygiene-et-beaute\/le-corps\/eaux-de-toilette-eaux-de-cologne&quot;},{&quot;name&quot;:&quot;Coffrets&quot;,&quot;code&quot;:&quot;R13F03SF02&quot;,&quot;id&quot;:&quot;26014&quot;,&quot;type&quot;:&quot;RAYON&quot;,&quot;picto&quot;:null,&quot;level&quot;:3,&quot;sellerId&quot;:null,&quot;slug&quot;:&quot;coffrets&quot;,&quot;selected&quot;:false,&quot;children&quot;:null,&quot;layers&quot;:&quot;\/navigation\/26014\/layers&quot;,&quot;link&quot;:&quot;\/r\/hygiene-et-beaute\/le-corps\/coffrets&quot;},{&quot;name&quot;:&quot;Savons&quot;,&quot;code&quot;:&quot;R13F03SF03&quot;,&quot;id&quot;:&quot;2423&quot;,&quot;type&quot;:&quot;RAYON&quot;,&quot;picto&quot;:null,&quot;level&quot;:3,&quot;sellerId&quot;:null,&quot;slug&quot;:&quot;savons&quot;,&quot;selected&quot;:false,&quot;children&quot;:null,&quot;layers&quot;:&quot;\/navigation\/2423\/layers&quot;,&quot;link&quot;:&quot;\/r\/hygiene-et-beaute\/le-corps\/savons&quot;},{&quot;name&quot;:&quot;Gels et Cr\u00e8mes de douche&quot;,&quot;code&quot;:&quot;R13F03SF04&quot;,&quot;id&quot;:&quot;2421&quot;,&quot;type&quot;:&quot;RAYON&quot;,&quot;picto&quot;:null,&quot;level&quot;:3,&quot;sellerId&quot;:null,&quot;slug&quot;:&quot;gels-et-cremes-de-douche&quot;,&quot;selected&quot;:false,&quot;children&quot;:null,&quot;layers&quot;:&quot;\/navigation\/2421\/layers&quot;,&quot;link&quot;:&quot;\/r\/hygiene-et-beaute\/le-corps\/gels-et-cremes-de-douche&quot;},{&quot;name&quot;:&quot;Eponges de bain&quot;,&quot;code&quot;:&quot;R13F03SF05&quot;,&quot;id&quot;:&quot;26015&quot;,&quot;type&quot;:&quot;RAYON&quot;,&quot;picto&quot;:null,&quot;level&quot;:3,&quot;sellerId&quot;:null,&quot;slug&quot;:&quot;eponges-de-bain&quot;,&quot;selected&quot;:false,&quot;children&quot;:null,&quot;layers&quot;:&quot;\/navigation\/26015\/layers&quot;,&quot;link&quot;:&quot;\/r\/hygiene-et-beaute\/le-corps\/eponges-de-bain&quot;},{&quot;name&quot;:&quot;Laits hydratants et Soins du corps&quot;,&quot;code&quot;:&quot;R13F03SF06&quot;,&quot;id&quot;:&quot;2422&quot;,&quot;type&quot;:&quot;RAYON&quot;,&quot;picto&quot;:null,&quot;level&quot;:3,&quot;sellerId&quot;:null,&quot;slug&quot;:&quot;lait-hydratants-et-soins-du-corps&quot;,&quot;selected&quot;:false,&quot;children&quot;:null,&quot;layers&quot;:&quot;\/navigation\/2422\/layers&quot;,&quot;link&quot;:&quot;\/r\/hygiene-et-beaute\/le-corps\/lait-hydratants-et-soins-du-corps&quot;},{&quot;name&quot;:&quot;D\u00e9odorants femmes&quot;,&quot;code&quot;:&quot;R13F03SF07&quot;,&quot;id&quot;:&quot;2424&quot;,&quot;type&quot;:&quot;RAYON&quot;,&quot;picto&quot;:null,&quot;level&quot;:3,&quot;sellerId&quot;:null,&quot;slug&quot;:&quot;deodorants-femmes&quot;,&quot;selected&quot;:false,&quot;children&quot;:null,&quot;layers&quot;:&quot;\/navigation\/2424\/layers&quot;,&quot;link&quot;:&quot;\/r\/hygiene-et-beaute\/le-corps\/deodorants-femmes&quot;},{&quot;name&quot;:&quot;D\u00e9odorants hommes&quot;,&quot;code&quot;:&quot;R13F03SF08&quot;,&quot;id&quot;:&quot;2425&quot;,&quot;type&quot;:&quot;RAYON&quot;,&quot;picto&quot;:null,&quot;level&quot;:3,&quot;sellerId&quot;:null,&quot;slug&quot;:&quot;deodorants-hommes&quot;,&quot;selected&quot;:false,&quot;children&quot;:null,&quot;layers&quot;:&quot;\/navigation\/2425\/layers&quot;,&quot;link&quot;:&quot;\/r\/hygiene-et-beaute\/le-corps\/deodorants-hommes&quot;},{&quot;name&quot;:&quot;Epilation et Rasage&quot;,&quot;code&quot;:&quot;R13F03SF09&quot;,&quot;id&quot;:&quot;2426&quot;,&quot;type&quot;:&quot;RAYON&quot;,&quot;picto&quot;:null,&quot;level&quot;:3,&quot;sellerId&quot;:null,&quot;slug&quot;:&quot;epilation-et-rasage&quot;,&quot;selected&quot;:false,&quot;children&quot;:null,&quot;layers&quot;:&quot;\/navigation\/2426\/layers&quot;,&quot;link&quot;:&quot;\/r\/hygiene-et-beaute\/le-corps\/epilation-et-rasage&quot;},{&quot;name&quot;:&quot;Soins mains et pieds&quot;,&quot;code&quot;:&quot;R13F03SF10&quot;,&quot;id&quot;:&quot;2427&quot;,&quot;type&quot;:&quot;RAYON&quot;,&quot;picto&quot;:null,&quot;level&quot;:3,&quot;sellerId&quot;:null,&quot;slug&quot;:&quot;soins-mains-et-pieds&quot;,&quot;selected&quot;:false,&quot;children&quot;:null,&quot;layers&quot;:&quot;\/navigation\/2427\/layers&quot;,&quot;link&quot;:&quot;\/r\/hygiene-et-beaute\/le-corps\/soins-mains-et-pieds&quot;},{&quot;name&quot;:&quot;Produits solaires&quot;,&quot;code&quot;:&quot;R13F03SF11&quot;,&quot;id&quot;:&quot;2429&quot;,&quot;type&quot;:&quot;RAYON&quot;,&quot;picto&quot;:null,&quot;level&quot;:3,&quot;sellerId&quot;:null,&quot;slug&quot;:&quot;produits-solaires&quot;,&quot;selected&quot;:false,&quot;children&quot;:null,&quot;layers&quot;:&quot;\/navigation\/2429\/layers&quot;,&quot;link&quot;:&quot;\/r\/hygiene-et-beaute\/le-corps\/produits-solaires&quot;}],&quot;layers&quot;:&quot;\/navigation\/2420\/layers&quot;,&quot;link&quot;:&quot;\/r\/hygiene-et-beaute\/le-corps&quot;},{&quot;name&quot;:&quot;Les cheveux&quot;,&quot;code&quot;:&quot;R13F04&quot;,&quot;id&quot;:&quot;2430&quot;,&quot;type&quot;:&quot;RAYON&quot;,&quot;picto&quot;:&quot;https:\/\/media.carrefour.fr\/medias\/130011d02cf432d8b6746e7933d038d0\/p_96x96\/2430.jpg&quot;,&quot;level&quot;:2,&quot;sellerId&quot;:null,&quot;slug&quot;:&quot;les-cheveux&quot;,&quot;selected&quot;:false,&quot;children&quot;:[{&quot;name&quot;:&quot;Les shampoings&quot;,&quot;code&quot;:&quot;R13F04SF01&quot;,&quot;id&quot;:&quot;2431&quot;,&quot;type&quot;:&quot;RAYON&quot;,&quot;picto&quot;:null,&quot;level&quot;:3,&quot;sellerId&quot;:null,&quot;slug&quot;:&quot;les-shampoings&quot;,&quot;selected&quot;:false,&quot;children&quot;:[{&quot;name&quot;:&quot;Cheveux normaux&quot;,&quot;code&quot;:&quot;R13F04SF01SS01&quot;,&quot;id&quot;:&quot;2437&quot;,&quot;type&quot;:&quot;RAYON&quot;,&quot;picto&quot;:null,&quot;level&quot;:4,&quot;sellerId&quot;:null,&quot;slug&quot;:&quot;cheveux-normaux&quot;,&quot;selected&quot;:false,&quot;children&quot;:null,&quot;layers&quot;:&quot;\/navigation\/2437\/layers&quot;,&quot;link&quot;:&quot;\/r\/hygiene-et-beaute\/les-cheveux\/les-shampoings\/cheveux-normaux&quot;},{&quot;name&quot;:&quot;Cheveux color\u00e9s&quot;,&quot;code&quot;:&quot;R13F04SF01SS02&quot;,&quot;id&quot;:&quot;2436&quot;,&quot;type&quot;:&quot;RAYON&quot;,&quot;picto&quot;:null,&quot;level&quot;:4,&quot;sellerId&quot;:null,&quot;slug&quot;:&quot;cheveux-colores&quot;,&quot;selected&quot;:false,&quot;children&quot;:null,&quot;layers&quot;:&quot;\/navigation\/2436\/layers&quot;,&quot;link&quot;:&quot;\/r\/hygiene-et-beaute\/les-cheveux\/les-shampoings\/cheveux-colores&quot;},{&quot;name&quot;:&quot;Cheveux fins et boucl\u00e9s&quot;,&quot;code&quot;:&quot;R13F04SF01SS03&quot;,&quot;id&quot;:&quot;2434&quot;,&quot;type&quot;:&quot;RAYON&quot;,&quot;picto&quot;:null,&quot;level&quot;:4,&quot;sellerId&quot;:null,&quot;slug&quot;:&quot;cheveux-fins-et-boucles&quot;,&quot;selected&quot;:false,&quot;children&quot;:null,&quot;layers&quot;:&quot;\/navigation\/2434\/layers&quot;,&quot;link&quot;:&quot;\/r\/hygiene-et-beaute\/les-cheveux\/les-shampoings\/cheveux-fins-et-boucles&quot;},{&quot;name&quot;:&quot;Cheveux secs et ab\u00eem\u00e9s&quot;,&quot;code&quot;:&quot;R13F04SF01SS04&quot;,&quot;id&quot;:&quot;2433&quot;,&quot;type&quot;:&quot;RAYON&quot;,&quot;picto&quot;:null,&quot;level&quot;:4,&quot;sellerId&quot;:null,&quot;slug&quot;:&quot;cheveux-secs-et-abimes&quot;,&quot;selected&quot;:false,&quot;children&quot;:null,&quot;layers&quot;:&quot;\/navigation\/2433\/layers&quot;,&quot;link&quot;:&quot;\/r\/hygiene-et-beaute\/les-cheveux\/les-shampoings\/cheveux-secs-et-abimes&quot;},{&quot;name&quot;:&quot;Anti-pelliculaires&quot;,&quot;code&quot;:&quot;R13F04SF01SS05&quot;,&quot;id&quot;:&quot;2432&quot;,&quot;type&quot;:&quot;RAYON&quot;,&quot;picto&quot;:null,&quot;level&quot;:4,&quot;sellerId&quot;:null,&quot;slug&quot;:&quot;anti-pelliculaires&quot;,&quot;selected&quot;:false,&quot;children&quot;:null,&quot;layers&quot;:&quot;\/navigation\/2432\/layers&quot;,&quot;link&quot;:&quot;\/r\/hygiene-et-beaute\/les-cheveux\/les-shampoings\/anti-pelliculaires&quot;},{&quot;name&quot;:&quot;Cheveux gras&quot;,&quot;code&quot;:&quot;R13F04SF01SS06&quot;,&quot;id&quot;:&quot;2435&quot;,&quot;type&quot;:&quot;RAYON&quot;,&quot;picto&quot;:null,&quot;level&quot;:4,&quot;sellerId&quot;:null,&quot;slug&quot;:&quot;cheveux-gras&quot;,&quot;selected&quot;:false,&quot;children&quot;:null,&quot;layers&quot;:&quot;\/navigation\/2435\/layers&quot;,&quot;link&quot;:&quot;\/r\/hygiene-et-beaute\/les-cheveux\/les-shampoings\/cheveux-gras&quot;}],&quot;layers&quot;:&quot;\/navigation\/2431\/layers&quot;,&quot;link&quot;:&quot;\/r\/hygiene-et-beaute\/les-cheveux\/les-shampoings&quot;},{&quot;name&quot;:&quot;Les apr\u00e8s-shampoings&quot;,&quot;code&quot;:&quot;R13F04SF02&quot;,&quot;id&quot;:&quot;2438&quot;,&quot;type&quot;:&quot;RAYON&quot;,&quot;picto&quot;:null,&quot;level&quot;:3,&quot;sellerId&quot;:null,&quot;slug&quot;:&quot;les-apres-shampoings&quot;,&quot;selected&quot;:false,&quot;children&quot;:[{&quot;name&quot;:&quot;Normaux \u00e0 gras&quot;,&quot;code&quot;:&quot;R13F04SF02SS01&quot;,&quot;id&quot;:&quot;2441&quot;,&quot;type&quot;:&quot;RAYON&quot;,&quot;picto&quot;:null,&quot;level&quot;:4,&quot;sellerId&quot;:null,&quot;slug&quot;:&quot;normaux-a-gras&quot;,&quot;selected&quot;:false,&quot;children&quot;:null,&quot;layers&quot;:&quot;\/navigation\/2441\/layers&quot;,&quot;link&quot;:&quot;\/r\/hygiene-et-beaute\/les-cheveux\/les-apres-shampoings\/normaux-a-gras&quot;},{&quot;name&quot;:&quot;Color\u00e9s&quot;,&quot;code&quot;:&quot;R13F04SF02SS02&quot;,&quot;id&quot;:&quot;2440&quot;,&quot;type&quot;:&quot;RAYON&quot;,&quot;picto&quot;:null,&quot;level&quot;:4,&quot;sellerId&quot;:null,&quot;slug&quot;:&quot;colores&quot;,&quot;selected&quot;:false,&quot;children&quot;:null,&quot;layers&quot;:&quot;\/navigation\/2440\/layers&quot;,&quot;link&quot;:&quot;\/r\/hygiene-et-beaute\/les-cheveux\/les-apres-shampoings\/colores&quot;},{&quot;name&quot;:&quot;Fins ou boucl\u00e9s&quot;,&quot;code&quot;:&quot;R13F04SF02SS03&quot;,&quot;id&quot;:&quot;2439&quot;,&quot;type&quot;:&quot;RAYON&quot;,&quot;picto&quot;:null,&quot;level&quot;:4,&quot;sellerId&quot;:null,&quot;slug&quot;:&quot;fins-ou-boucles&quot;,&quot;selected&quot;:false,&quot;children&quot;:null,&quot;layers&quot;:&quot;\/navigation\/2439\/layers&quot;,&quot;link&quot;:&quot;\/r\/hygiene-et-beaute\/les-cheveux\/les-apres-shampoings\/fins-ou-boucles&quot;},{&quot;name&quot;:&quot;Ab\u00eem\u00e9s et secs&quot;,&quot;code&quot;:&quot;R13F04SF02SS04&quot;,&quot;id&quot;:&quot;2442&quot;,&quot;type&quot;:&quot;RAYON&quot;,&quot;picto&quot;:null,&quot;level&quot;:4,&quot;sellerId&quot;:null,&quot;slug&quot;:&quot;abimes-et-secs&quot;,&quot;selected&quot;:false,&quot;children&quot;:null,&quot;layers&quot;:&quot;\/navigation\/2442\/layers&quot;,&quot;link&quot;:&quot;\/r\/hygiene-et-beaute\/les-cheveux\/les-apres-shampoings\/abimes-et-secs&quot;}],&quot;layers&quot;:&quot;\/navigation\/2438\/layers&quot;,&quot;link&quot;:&quot;\/r\/hygiene-et-beaute\/les-cheveux\/les-apres-shampoings&quot;},{&quot;name&quot;:&quot;Les masques et Les huiles&quot;,&quot;code&quot;:&quot;R13F04SF03&quot;,&quot;id&quot;:&quot;2443&quot;,&quot;type&quot;:&quot;RAYON&quot;,&quot;picto&quot;:null,&quot;level&quot;:3,&quot;sellerId&quot;:null,&quot;slug&quot;:&quot;les-masques-et-huiles&quot;,&quot;selected&quot;:false,&quot;children&quot;:null,&quot;layers&quot;:&quot;\/navigation\/2443\/layers&quot;,&quot;link&quot;:&quot;\/r\/hygiene-et-beaute\/les-cheveux\/les-masques-et-huiles&quot;},{&quot;name&quot;:&quot;Gels, Laques et Mousses&quot;,&quot;code&quot;:&quot;R13F04SF04&quot;,&quot;id&quot;:&quot;2444&quot;,&quot;type&quot;:&quot;RAYON&quot;,&quot;picto&quot;:null,&quot;level&quot;:3,&quot;sellerId&quot;:null,&quot;slug&quot;:&quot;gels-laques-et-mousses&quot;,&quot;selected&quot;:false,&quot;children&quot;:null,&quot;layers&quot;:&quot;\/navigation\/2444\/layers&quot;,&quot;link&quot;:&quot;\/r\/hygiene-et-beaute\/les-cheveux\/gels-laques-et-mousses&quot;},{&quot;name&quot;:&quot;Coloration des cheveux&quot;,&quot;code&quot;:&quot;R13F04SF05&quot;,&quot;id&quot;:&quot;2445&quot;,&quot;type&quot;:&quot;RAYON&quot;,&quot;picto&quot;:null,&quot;level&quot;:3,&quot;sellerId&quot;:null,&quot;slug&quot;:&quot;coloration-des-cheveux&quot;,&quot;selected&quot;:false,&quot;children&quot;:null,&quot;layers&quot;:&quot;\/navigation\/2445\/layers&quot;,&quot;link&quot;:&quot;\/r\/hygiene-et-beaute\/les-cheveux\/coloration-des-cheveux&quot;},{&quot;name&quot;:&quot;Accessoires cheveux&quot;,&quot;code&quot;:&quot;R13F04SF06&quot;,&quot;id&quot;:&quot;2446&quot;,&quot;type&quot;:&quot;RAYON&quot;,&quot;picto&quot;:null,&quot;level&quot;:3,&quot;sellerId&quot;:null,&quot;slug&quot;:&quot;accessoires-cheveux&quot;,&quot;selected&quot;:false,&quot;children&quot;:null,&quot;layers&quot;:&quot;\/navigation\/2446\/layers&quot;,&quot;link&quot;:&quot;\/r\/hygiene-et-beaute\/les-cheveux\/accessoires-cheveux&quot;}],&quot;layers&quot;:&quot;\/navigation\/2430\/layers&quot;,&quot;link&quot;:&quot;\/r\/hygiene-et-beaute\/les-cheveux&quot;},{&quot;name&quot;:&quot;Hygi\u00e8ne dentaire&quot;,&quot;code&quot;:&quot;R13F05&quot;,&quot;id&quot;:&quot;2447&quot;,&quot;type&quot;:&quot;RAYON&quot;,&quot;picto&quot;:&quot;https:\/\/media.carrefour.fr\/medias\/9dd9014a67243aa2b33f43ad12fd8814\/p_96x96\/2447.jpg&quot;,&quot;level&quot;:2,&quot;sellerId&quot;:null,&quot;slug&quot;:&quot;hygiene-dentaire&quot;,&quot;selected&quot;:false,&quot;children&quot;:[{&quot;name&quot;:&quot;Dentifrices&quot;,&quot;code&quot;:&quot;R13F05SF01&quot;,&quot;id&quot;:&quot;2448&quot;,&quot;type&quot;:&quot;RAYON&quot;,&quot;picto&quot;:null,&quot;level&quot;:3,&quot;sellerId&quot;:null,&quot;slug&quot;:&quot;dentifrices&quot;,&quot;selected&quot;:false,&quot;children&quot;:null,&quot;layers&quot;:&quot;\/navigation\/2448\/layers&quot;,&quot;link&quot;:&quot;\/r\/hygiene-et-beaute\/hygiene-dentaire\/dentifrices&quot;},{&quot;name&quot;:&quot;Brosses \u00e0 dents&quot;,&quot;code&quot;:&quot;R13F05SF02&quot;,&quot;id&quot;:&quot;2449&quot;,&quot;type&quot;:&quot;RAYON&quot;,&quot;picto&quot;:null,&quot;level&quot;:3,&quot;sellerId&quot;:null,&quot;slug&quot;:&quot;brosses-a-dents&quot;,&quot;selected&quot;:false,&quot;children&quot;:null,&quot;layers&quot;:&quot;\/navigation\/2449\/layers&quot;,&quot;link&quot;:&quot;\/r\/hygiene-et-beaute\/hygiene-dentaire\/brosses-a-dents&quot;},{&quot;name&quot;:&quot;Bains de bouche et Soins&quot;,&quot;code&quot;:&quot;R13F05SF03&quot;,&quot;id&quot;:&quot;2450&quot;,&quot;type&quot;:&quot;RAYON&quot;,&quot;picto&quot;:null,&quot;level&quot;:3,&quot;sellerId&quot;:null,&quot;slug&quot;:&quot;bains-de-bouche-et-soins&quot;,&quot;selected&quot;:false,&quot;children&quot;:null,&quot;layers&quot;:&quot;\/navigation\/2450\/layers&quot;,&quot;link&quot;:&quot;\/r\/hygiene-et-beaute\/hygiene-dentaire\/bains-de-bouche-et-soins&quot;},{&quot;name&quot;:&quot;Pour les enfants&quot;,&quot;code&quot;:&quot;R13F05SF04&quot;,&quot;id&quot;:&quot;2451&quot;,&quot;type&quot;:&quot;RAYON&quot;,&quot;picto&quot;:null,&quot;level&quot;:3,&quot;sellerId&quot;:null,&quot;slug&quot;:&quot;pour-les-enfants&quot;,&quot;selected&quot;:false,&quot;children&quot;:null,&quot;layers&quot;:&quot;\/navigation\/2451\/layers&quot;,&quot;link&quot;:&quot;\/r\/hygiene-et-beaute\/hygiene-dentaire\/pour-les-enfants&quot;}],&quot;layers&quot;:&quot;\/navigation\/2447\/layers&quot;,&quot;link&quot;:&quot;\/r\/hygiene-et-beaute\/hygiene-dentaire&quot;},{&quot;name&quot;:&quot;Le visage&quot;,&quot;code&quot;:&quot;R13F06&quot;,&quot;id&quot;:&quot;2452&quot;,&quot;type&quot;:&quot;RAYON&quot;,&quot;picto&quot;:&quot;https:\/\/media.carrefour.fr\/medias\/b9928f746fee319ca89e775422b22d11\/p_96x96\/2452.jpg&quot;,&quot;level&quot;:2,&quot;sellerId&quot;:null,&quot;slug&quot;:&quot;le-visage&quot;,&quot;selected&quot;:false,&quot;children&quot;:[{&quot;name&quot;:&quot;D\u00e9maquillants et Nettoyants&quot;,&quot;code&quot;:&quot;R13F06SF01&quot;,&quot;id&quot;:&quot;2453&quot;,&quot;type&quot;:&quot;RAYON&quot;,&quot;picto&quot;:null,&quot;level&quot;:3,&quot;sellerId&quot;:null,&quot;slug&quot;:&quot;demaquillants-et-nettoyants&quot;,&quot;selected&quot;:false,&quot;children&quot;:[{&quot;name&quot;:&quot;D\u00e9maquillants&quot;,&quot;code&quot;:&quot;R13F06SF01SS01&quot;,&quot;id&quot;:&quot;2456&quot;,&quot;type&quot;:&quot;RAYON&quot;,&quot;picto&quot;:null,&quot;level&quot;:4,&quot;sellerId&quot;:null,&quot;slug&quot;:&quot;demaquillants&quot;,&quot;selected&quot;:false,&quot;children&quot;:null,&quot;layers&quot;:&quot;\/navigation\/2456\/layers&quot;,&quot;link&quot;:&quot;\/r\/hygiene-et-beaute\/le-visage\/demaquillants-et-nettoyants\/demaquillants&quot;},{&quot;name&quot;:&quot;Nettoyants&quot;,&quot;code&quot;:&quot;R13F06SF01SS02&quot;,&quot;id&quot;:&quot;2454&quot;,&quot;type&quot;:&quot;RAYON&quot;,&quot;picto&quot;:null,&quot;level&quot;:4,&quot;sellerId&quot;:null,&quot;slug&quot;:&quot;nettoyants&quot;,&quot;selected&quot;:false,&quot;children&quot;:null,&quot;layers&quot;:&quot;\/navigation\/2454\/layers&quot;,&quot;link&quot;:&quot;\/r\/hygiene-et-beaute\/le-visage\/demaquillants-et-nettoyants\/nettoyants&quot;},{&quot;name&quot;:&quot;Toniques et Atomiseurs d&#039;eau&quot;,&quot;code&quot;:&quot;R13F06SF01SS03&quot;,&quot;id&quot;:&quot;2455&quot;,&quot;type&quot;:&quot;RAYON&quot;,&quot;picto&quot;:null,&quot;level&quot;:4,&quot;sellerId&quot;:null,&quot;slug&quot;:&quot;toniques-et-atomiseurs-deau&quot;,&quot;selected&quot;:false,&quot;children&quot;:null,&quot;layers&quot;:&quot;\/navigation\/2455\/layers&quot;,&quot;link&quot;:&quot;\/r\/hygiene-et-beaute\/le-visage\/demaquillants-et-nettoyants\/toniques-et-atomiseurs-deau&quot;}],&quot;layers&quot;:&quot;\/navigation\/2453\/layers&quot;,&quot;link&quot;:&quot;\/r\/hygiene-et-beaute\/le-visage\/demaquillants-et-nettoyants&quot;},{&quot;name&quot;:&quot;Masques et Gommages&quot;,&quot;code&quot;:&quot;R13F06SF02&quot;,&quot;id&quot;:&quot;2457&quot;,&quot;type&quot;:&quot;RAYON&quot;,&quot;picto&quot;:null,&quot;level&quot;:3,&quot;sellerId&quot;:null,&quot;slug&quot;:&quot;masques-et-gommages&quot;,&quot;selected&quot;:false,&quot;children&quot;:null,&quot;layers&quot;:&quot;\/navigation\/2457\/layers&quot;,&quot;link&quot;:&quot;\/r\/hygiene-et-beaute\/le-visage\/masques-et-gommages&quot;},{&quot;name&quot;:&quot;Soin du visage&quot;,&quot;code&quot;:&quot;R13F06SF03&quot;,&quot;id&quot;:&quot;2458&quot;,&quot;type&quot;:&quot;RAYON&quot;,&quot;picto&quot;:null,&quot;level&quot;:3,&quot;sellerId&quot;:null,&quot;slug&quot;:&quot;soin-du-visage&quot;,&quot;selected&quot;:false,&quot;children&quot;:[{&quot;name&quot;:&quot;Cr\u00e8mes hydratantes&quot;,&quot;code&quot;:&quot;R13F06SF03SS01&quot;,&quot;id&quot;:&quot;2459&quot;,&quot;type&quot;:&quot;RAYON&quot;,&quot;picto&quot;:null,&quot;level&quot;:4,&quot;sellerId&quot;:null,&quot;slug&quot;:&quot;cremes-hydratantes&quot;,&quot;selected&quot;:false,&quot;children&quot;:null,&quot;layers&quot;:&quot;\/navigation\/2459\/layers&quot;,&quot;link&quot;:&quot;\/r\/hygiene-et-beaute\/le-visage\/soin-du-visage\/cremes-hydratantes&quot;},{&quot;name&quot;:&quot;Cr\u00e8mes anti-\u00e2ge&quot;,&quot;code&quot;:&quot;R13F06SF03SS02&quot;,&quot;id&quot;:&quot;2461&quot;,&quot;type&quot;:&quot;RAYON&quot;,&quot;picto&quot;:null,&quot;level&quot;:4,&quot;sellerId&quot;:null,&quot;slug&quot;:&quot;cremes-anti-age&quot;,&quot;selected&quot;:false,&quot;children&quot;:null,&quot;layers&quot;:&quot;\/navigation\/2461\/layers&quot;,&quot;link&quot;:&quot;\/r\/hygiene-et-beaute\/le-visage\/soin-du-visage\/cremes-anti-age&quot;},{&quot;name&quot;:&quot;Soin des l\u00e8vres&quot;,&quot;code&quot;:&quot;R13F06SF03SS03&quot;,&quot;id&quot;:&quot;2460&quot;,&quot;type&quot;:&quot;RAYON&quot;,&quot;picto&quot;:null,&quot;level&quot;:4,&quot;sellerId&quot;:null,&quot;slug&quot;:&quot;soin-des-levres&quot;,&quot;selected&quot;:false,&quot;children&quot;:null,&quot;layers&quot;:&quot;\/navigation\/2460\/layers&quot;,&quot;link&quot;:&quot;\/r\/hygiene-et-beaute\/le-visage\/soin-du-visage\/soin-des-levres&quot;},{&quot;name&quot;:&quot;Huiles hydratantes&quot;,&quot;code&quot;:&quot;R13F06SF03SS04&quot;,&quot;id&quot;:&quot;26856&quot;,&quot;type&quot;:&quot;RAYON&quot;,&quot;picto&quot;:null,&quot;level&quot;:4,&quot;sellerId&quot;:null,&quot;slug&quot;:&quot;huiles-hydratants&quot;,&quot;selected&quot;:false,&quot;children&quot;:null,&quot;layers&quot;:&quot;\/navigation\/26856\/layers&quot;,&quot;link&quot;:&quot;\/r\/hygiene-et-beaute\/le-visage\/soin-du-visage\/huiles-hydratants&quot;}],&quot;layers&quot;:&quot;\/navigation\/2458\/layers&quot;,&quot;link&quot;:&quot;\/r\/hygiene-et-beaute\/le-visage\/soin-du-visage&quot;},{&quot;name&quot;:&quot;Maquillage&quot;,&quot;code&quot;:&quot;R13F06SF04&quot;,&quot;id&quot;:&quot;2462&quot;,&quot;type&quot;:&quot;RAYON&quot;,&quot;picto&quot;:null,&quot;level&quot;:3,&quot;sellerId&quot;:null,&quot;slug&quot;:&quot;maquillage&quot;,&quot;selected&quot;:false,&quot;children&quot;:[{&quot;name&quot;:&quot;Le teint&quot;,&quot;code&quot;:&quot;R13F06SF04SS01&quot;,&quot;id&quot;:&quot;2466&quot;,&quot;type&quot;:&quot;RAYON&quot;,&quot;picto&quot;:null,&quot;level&quot;:4,&quot;sellerId&quot;:null,&quot;slug&quot;:&quot;le-teint&quot;,&quot;selected&quot;:false,&quot;children&quot;:null,&quot;layers&quot;:&quot;\/navigation\/2466\/layers&quot;,&quot;link&quot;:&quot;\/r\/hygiene-et-beaute\/le-visage\/maquillage\/le-teint&quot;},{&quot;name&quot;:&quot;Les yeux&quot;,&quot;code&quot;:&quot;R13F06SF04SS02&quot;,&quot;id&quot;:&quot;2465&quot;,&quot;type&quot;:&quot;RAYON&quot;,&quot;picto&quot;:null,&quot;level&quot;:4,&quot;sellerId&quot;:null,&quot;slug&quot;:&quot;les-yeux&quot;,&quot;selected&quot;:false,&quot;children&quot;:null,&quot;layers&quot;:&quot;\/navigation\/2465\/layers&quot;,&quot;link&quot;:&quot;\/r\/hygiene-et-beaute\/le-visage\/maquillage\/les-yeux&quot;},{&quot;name&quot;:&quot;Les l\u00e8vres&quot;,&quot;code&quot;:&quot;R13F06SF04SS03&quot;,&quot;id&quot;:&quot;2464&quot;,&quot;type&quot;:&quot;RAYON&quot;,&quot;picto&quot;:null,&quot;level&quot;:4,&quot;sellerId&quot;:null,&quot;slug&quot;:&quot;les-levres&quot;,&quot;selected&quot;:false,&quot;children&quot;:null,&quot;layers&quot;:&quot;\/navigation\/2464\/layers&quot;,&quot;link&quot;:&quot;\/r\/hygiene-et-beaute\/le-visage\/maquillage\/les-levres&quot;},{&quot;name&quot;:&quot;Les ongles&quot;,&quot;code&quot;:&quot;R13F06SF04SS04&quot;,&quot;id&quot;:&quot;2463&quot;,&quot;type&quot;:&quot;RAYON&quot;,&quot;picto&quot;:null,&quot;level&quot;:4,&quot;sellerId&quot;:null,&quot;slug&quot;:&quot;les-ongles&quot;,&quot;selected&quot;:false,&quot;children&quot;:null,&quot;layers&quot;:&quot;\/navigation\/2463\/layers&quot;,&quot;link&quot;:&quot;\/r\/hygiene-et-beaute\/le-visage\/maquillage\/les-ongles&quot;}],&quot;layers&quot;:&quot;\/navigation\/2462\/layers&quot;,&quot;link&quot;:&quot;\/r\/hygiene-et-beaute\/le-visage\/maquillage&quot;}],&quot;layers&quot;:&quot;\/navigation\/2452\/layers&quot;,&quot;link&quot;:&quot;\/r\/hygiene-et-beaute\/le-visage&quot;},{&quot;name&quot;:&quot;Hygi\u00e8ne f\u00e9minine et Incontinence&quot;,&quot;code&quot;:&quot;R13F07&quot;,&quot;id&quot;:&quot;2467&quot;,&quot;type&quot;:&quot;RAYON&quot;,&quot;picto&quot;:&quot;https:\/\/media.carrefour.fr\/medias\/b7a5ef5bb3953590bc736e14c0982e11\/p_96x96\/2467.jpg&quot;,&quot;level&quot;:2,&quot;sellerId&quot;:null,&quot;slug&quot;:&quot;hygiene-feminine-incontinence&quot;,&quot;selected&quot;:false,&quot;children&quot;:[{&quot;name&quot;:&quot;Tampons&quot;,&quot;code&quot;:&quot;R13F07SF01&quot;,&quot;id&quot;:&quot;2468&quot;,&quot;type&quot;:&quot;RAYON&quot;,&quot;picto&quot;:null,&quot;level&quot;:3,&quot;sellerId&quot;:null,&quot;slug&quot;:&quot;tampons&quot;,&quot;selected&quot;:false,&quot;children&quot;:null,&quot;layers&quot;:&quot;\/navigation\/2468\/layers&quot;,&quot;link&quot;:&quot;\/r\/hygiene-et-beaute\/hygiene-feminine-incontinence\/tampons&quot;},{&quot;name&quot;:&quot;Serviettes hygi\u00e9niques&quot;,&quot;code&quot;:&quot;R13F07SF02&quot;,&quot;id&quot;:&quot;2469&quot;,&quot;type&quot;:&quot;RAYON&quot;,&quot;picto&quot;:null,&quot;level&quot;:3,&quot;sellerId&quot;:null,&quot;slug&quot;:&quot;serviettes-hygieniques&quot;,&quot;selected&quot;:false,&quot;children&quot;:null,&quot;layers&quot;:&quot;\/navigation\/2469\/layers&quot;,&quot;link&quot;:&quot;\/r\/hygiene-et-beaute\/hygiene-feminine-incontinence\/serviettes-hygieniques&quot;},{&quot;name&quot;:&quot;Prot\u00e8ges-slips&quot;,&quot;code&quot;:&quot;R13F07SF03&quot;,&quot;id&quot;:&quot;2470&quot;,&quot;type&quot;:&quot;RAYON&quot;,&quot;picto&quot;:null,&quot;level&quot;:3,&quot;sellerId&quot;:null,&quot;slug&quot;:&quot;proteges-slips&quot;,&quot;selected&quot;:false,&quot;children&quot;:null,&quot;layers&quot;:&quot;\/navigation\/2470\/layers&quot;,&quot;link&quot;:&quot;\/r\/hygiene-et-beaute\/hygiene-feminine-incontinence\/proteges-slips&quot;},{&quot;name&quot;:&quot;Incontinence&quot;,&quot;code&quot;:&quot;R13F07SF04&quot;,&quot;id&quot;:&quot;2471&quot;,&quot;type&quot;:&quot;RAYON&quot;,&quot;picto&quot;:null,&quot;level&quot;:3,&quot;sellerId&quot;:null,&quot;slug&quot;:&quot;incontinence&quot;,&quot;selected&quot;:false,&quot;children&quot;:null,&quot;layers&quot;:&quot;\/navigation\/2471\/layers&quot;,&quot;link&quot;:&quot;\/r\/hygiene-et-beaute\/hygiene-feminine-incontinence\/incontinence&quot;},{&quot;name&quot;:&quot;Toilette intime&quot;,&quot;code&quot;:&quot;R13F07SF05&quot;,&quot;id&quot;:&quot;2472&quot;,&quot;type&quot;:&quot;RAYON&quot;,&quot;picto&quot;:null,&quot;level&quot;:3,&quot;sellerId&quot;:null,&quot;slug&quot;:&quot;toilette-intime&quot;,&quot;selected&quot;:false,&quot;children&quot;:null,&quot;layers&quot;:&quot;\/navigation\/2472\/layers&quot;,&quot;link&quot;:&quot;\/r\/hygiene-et-beaute\/hygiene-feminine-incontinence\/toilette-intime&quot;}],&quot;layers&quot;:&quot;\/navigation\/2467\/layers&quot;,&quot;link&quot;:&quot;\/r\/hygiene-et-beaute\/hygiene-feminine-incontinence&quot;},{&quot;name&quot;:&quot;Premiers soins&quot;,&quot;code&quot;:&quot;R13F08&quot;,&quot;id&quot;:&quot;2488&quot;,&quot;type&quot;:&quot;RAYON&quot;,&quot;picto&quot;:&quot;https:\/\/media.carrefour.fr\/medias\/df729b2f4d97311ea1430382b603b055\/p_96x96\/2488.jpg&quot;,&quot;level&quot;:2,&quot;sellerId&quot;:null,&quot;slug&quot;:&quot;premiers-soins&quot;,&quot;selected&quot;:false,&quot;children&quot;:[{&quot;name&quot;:&quot;Pansements, Bandes et D\u00e9sinfectants&quot;,&quot;code&quot;:&quot;R13F08SF01&quot;,&quot;id&quot;:&quot;2489&quot;,&quot;type&quot;:&quot;RAYON&quot;,&quot;picto&quot;:null,&quot;level&quot;:3,&quot;sellerId&quot;:null,&quot;slug&quot;:&quot;pansements-bandes-et-desinfectants&quot;,&quot;selected&quot;:false,&quot;children&quot;:null,&quot;layers&quot;:&quot;\/navigation\/2489\/layers&quot;,&quot;link&quot;:&quot;\/r\/hygiene-et-beaute\/premiers-soins\/pansements-bandes-et-desinfectants&quot;},{&quot;name&quot;:&quot;S\u00e9rums physiologiques et Sprays nasaux&quot;,&quot;code&quot;:&quot;R13F08SF02&quot;,&quot;id&quot;:&quot;2490&quot;,&quot;type&quot;:&quot;RAYON&quot;,&quot;picto&quot;:null,&quot;level&quot;:3,&quot;sellerId&quot;:null,&quot;slug&quot;:&quot;serums-physiologiques-et-sprays-nasaux&quot;,&quot;selected&quot;:false,&quot;children&quot;:null,&quot;layers&quot;:&quot;\/navigation\/2490\/layers&quot;,&quot;link&quot;:&quot;\/r\/hygiene-et-beaute\/premiers-soins\/serums-physiologiques-et-sprays-nasaux&quot;},{&quot;name&quot;:&quot;Pr\u00e9servatifs et Gels lubrifiants&quot;,&quot;code&quot;:&quot;R13F08SF03&quot;,&quot;id&quot;:&quot;2491&quot;,&quot;type&quot;:&quot;RAYON&quot;,&quot;picto&quot;:null,&quot;level&quot;:3,&quot;sellerId&quot;:null,&quot;slug&quot;:&quot;preservatifs-et-gels-lubrifiants&quot;,&quot;selected&quot;:false,&quot;children&quot;:null,&quot;layers&quot;:&quot;\/navigation\/2491\/layers&quot;,&quot;link&quot;:&quot;\/r\/hygiene-et-beaute\/premiers-soins\/preservatifs-et-gels-lubrifiants&quot;},{&quot;name&quot;:&quot;Tests de grossesse&quot;,&quot;code&quot;:&quot;R13F08SF04&quot;,&quot;id&quot;:&quot;2492&quot;,&quot;type&quot;:&quot;RAYON&quot;,&quot;picto&quot;:null,&quot;level&quot;:3,&quot;sellerId&quot;:null,&quot;slug&quot;:&quot;tests-de-grossesse&quot;,&quot;selected&quot;:false,&quot;children&quot;:null,&quot;layers&quot;:&quot;\/navigation\/2492\/layers&quot;,&quot;link&quot;:&quot;\/r\/hygiene-et-beaute\/premiers-soins\/tests-de-grossesse&quot;},{&quot;name&quot;:&quot;Produits anti-moustiques&quot;,&quot;code&quot;:&quot;R13F08SF05&quot;,&quot;id&quot;:&quot;2493&quot;,&quot;type&quot;:&quot;RAYON&quot;,&quot;picto&quot;:null,&quot;level&quot;:3,&quot;sellerId&quot;:null,&quot;slug&quot;:&quot;produits-anti-moustiques&quot;,&quot;selected&quot;:false,&quot;children&quot;:null,&quot;layers&quot;:&quot;\/navigation\/2493\/layers&quot;,&quot;link&quot;:&quot;\/r\/hygiene-et-beaute\/premiers-soins\/produits-anti-moustiques&quot;},{&quot;name&quot;:&quot;Optique et Auditif&quot;,&quot;code&quot;:&quot;R13F08SF06&quot;,&quot;id&quot;:&quot;2494&quot;,&quot;type&quot;:&quot;RAYON&quot;,&quot;picto&quot;:null,&quot;level&quot;:3,&quot;sellerId&quot;:null,&quot;slug&quot;:&quot;optique-et-auditif&quot;,&quot;selected&quot;:false,&quot;children&quot;:null,&quot;layers&quot;:&quot;\/navigation\/2494\/layers&quot;,&quot;link&quot;:&quot;\/r\/hygiene-et-beaute\/premiers-soins\/optique-et-auditif&quot;}],&quot;layers&quot;:&quot;\/navigation\/2488\/layers&quot;,&quot;link&quot;:&quot;\/r\/hygiene-et-beaute\/premiers-soins&quot;},{&quot;name&quot;:&quot;Enfants&quot;,&quot;code&quot;:&quot;R13F09&quot;,&quot;id&quot;:&quot;2473&quot;,&quot;type&quot;:&quot;RAYON&quot;,&quot;picto&quot;:&quot;https:\/\/media.carrefour.fr\/medias\/7706eb94f1f33f72866ae1e634c4657b\/p_96x96\/2473.jpg&quot;,&quot;level&quot;:2,&quot;sellerId&quot;:null,&quot;slug&quot;:&quot;enfants&quot;,&quot;selected&quot;:false,&quot;children&quot;:[{&quot;name&quot;:&quot;Gels douche&quot;,&quot;code&quot;:&quot;R13F09SF01&quot;,&quot;id&quot;:&quot;2474&quot;,&quot;type&quot;:&quot;RAYON&quot;,&quot;picto&quot;:null,&quot;level&quot;:3,&quot;sellerId&quot;:null,&quot;slug&quot;:&quot;gels-douche&quot;,&quot;selected&quot;:false,&quot;children&quot;:null,&quot;layers&quot;:&quot;\/navigation\/2474\/layers&quot;,&quot;link&quot;:&quot;\/r\/hygiene-et-beaute\/enfants\/gels-douche&quot;},{&quot;name&quot;:&quot;Shampoings et D\u00e9m\u00ealants&quot;,&quot;code&quot;:&quot;R13F09SF02&quot;,&quot;id&quot;:&quot;2475&quot;,&quot;type&quot;:&quot;RAYON&quot;,&quot;picto&quot;:null,&quot;level&quot;:3,&quot;sellerId&quot;:null,&quot;slug&quot;:&quot;shampoings-et-demelants&quot;,&quot;selected&quot;:false,&quot;children&quot;:null,&quot;layers&quot;:&quot;\/navigation\/2475\/layers&quot;,&quot;link&quot;:&quot;\/r\/hygiene-et-beaute\/enfants\/shampoings-et-demelants&quot;},{&quot;name&quot;:&quot;Dentifrices et Brosses \u00e0 dents&quot;,&quot;code&quot;:&quot;R13F09SF03&quot;,&quot;id&quot;:&quot;2476&quot;,&quot;type&quot;:&quot;RAYON&quot;,&quot;picto&quot;:null,&quot;level&quot;:3,&quot;sellerId&quot;:null,&quot;slug&quot;:&quot;dentifrices-et-brosses-a-dents&quot;,&quot;selected&quot;:false,&quot;children&quot;:null,&quot;layers&quot;:&quot;\/navigation\/2476\/layers&quot;,&quot;link&quot;:&quot;\/r\/hygiene-et-beaute\/enfants\/dentifrices-et-brosses-a-dents&quot;},{&quot;name&quot;:&quot;Coffrets et Parfums&quot;,&quot;code&quot;:&quot;R13F09SF04&quot;,&quot;id&quot;:&quot;26013&quot;,&quot;type&quot;:&quot;RAYON&quot;,&quot;picto&quot;:null,&quot;level&quot;:3,&quot;sellerId&quot;:null,&quot;slug&quot;:&quot;coffrets-et-parfums&quot;,&quot;selected&quot;:false,&quot;children&quot;:null,&quot;layers&quot;:&quot;\/navigation\/26013\/layers&quot;,&quot;link&quot;:&quot;\/r\/hygiene-et-beaute\/enfants\/coffrets-et-parfums&quot;}],&quot;layers&quot;:&quot;\/navigation\/2473\/layers&quot;,&quot;link&quot;:&quot;\/r\/hygiene-et-beaute\/enfants&quot;},{&quot;name&quot;:&quot;Hommes&quot;,&quot;code&quot;:&quot;R13F10&quot;,&quot;id&quot;:&quot;2477&quot;,&quot;type&quot;:&quot;RAYON&quot;,&quot;picto&quot;:&quot;https:\/\/media.carrefour.fr\/medias\/04e5fa0dd3783b0895fba9536c3046c9\/p_96x96\/2477.jpg&quot;,&quot;level&quot;:2,&quot;sellerId&quot;:null,&quot;slug&quot;:&quot;hommes&quot;,&quot;selected&quot;:false,&quot;children&quot;:[{&quot;name&quot;:&quot;Rasage homme&quot;,&quot;code&quot;:&quot;R13F10SF01&quot;,&quot;id&quot;:&quot;2478&quot;,&quot;type&quot;:&quot;RAYON&quot;,&quot;picto&quot;:null,&quot;level&quot;:3,&quot;sellerId&quot;:null,&quot;slug&quot;:&quot;rasage-homme&quot;,&quot;selected&quot;:false,&quot;children&quot;:[{&quot;name&quot;:&quot;Rasoirs&quot;,&quot;code&quot;:&quot;R13F10SF01SS01&quot;,&quot;id&quot;:&quot;2479&quot;,&quot;type&quot;:&quot;RAYON&quot;,&quot;picto&quot;:null,&quot;level&quot;:4,&quot;sellerId&quot;:null,&quot;slug&quot;:&quot;rasoirs&quot;,&quot;selected&quot;:false,&quot;children&quot;:null,&quot;layers&quot;:&quot;\/navigation\/2479\/layers&quot;,&quot;link&quot;:&quot;\/r\/hygiene-et-beaute\/hommes\/rasage-homme\/rasoirs&quot;},{&quot;name&quot;:&quot;Lames&quot;,&quot;code&quot;:&quot;R13F10SF01SS02&quot;,&quot;id&quot;:&quot;2480&quot;,&quot;type&quot;:&quot;RAYON&quot;,&quot;picto&quot;:null,&quot;level&quot;:4,&quot;sellerId&quot;:null,&quot;slug&quot;:&quot;lames&quot;,&quot;selected&quot;:false,&quot;children&quot;:null,&quot;layers&quot;:&quot;\/navigation\/2480\/layers&quot;,&quot;link&quot;:&quot;\/r\/hygiene-et-beaute\/hommes\/rasage-homme\/lames&quot;},{&quot;name&quot;:&quot;Gels et Mousses&quot;,&quot;code&quot;:&quot;R13F10SF01SS03&quot;,&quot;id&quot;:&quot;2481&quot;,&quot;type&quot;:&quot;RAYON&quot;,&quot;picto&quot;:null,&quot;level&quot;:4,&quot;sellerId&quot;:null,&quot;slug&quot;:&quot;gels-mousses&quot;,&quot;selected&quot;:false,&quot;children&quot;:null,&quot;layers&quot;:&quot;\/navigation\/2481\/layers&quot;,&quot;link&quot;:&quot;\/r\/hygiene-et-beaute\/hommes\/rasage-homme\/gels-mousses&quot;},{&quot;name&quot;:&quot;Apr\u00e8s rasage et Soins de la barbe&quot;,&quot;code&quot;:&quot;R13F10SF01SS04&quot;,&quot;id&quot;:&quot;2482&quot;,&quot;type&quot;:&quot;RAYON&quot;,&quot;picto&quot;:null,&quot;level&quot;:4,&quot;sellerId&quot;:null,&quot;slug&quot;:&quot;apres-rasage-et-soins-de-la-barbe&quot;,&quot;selected&quot;:false,&quot;children&quot;:null,&quot;layers&quot;:&quot;\/navigation\/2482\/layers&quot;,&quot;link&quot;:&quot;\/r\/hygiene-et-beaute\/hommes\/rasage-homme\/apres-rasage-et-soins-de-la-barbe&quot;}],&quot;layers&quot;:&quot;\/navigation\/2478\/layers&quot;,&quot;link&quot;:&quot;\/r\/hygiene-et-beaute\/hommes\/rasage-homme&quot;},{&quot;name&quot;:&quot;Soins du visage homme&quot;,&quot;code&quot;:&quot;R13F10SF02&quot;,&quot;id&quot;:&quot;2483&quot;,&quot;type&quot;:&quot;RAYON&quot;,&quot;picto&quot;:null,&quot;level&quot;:3,&quot;sellerId&quot;:null,&quot;slug&quot;:&quot;soins-du-visage-homme&quot;,&quot;selected&quot;:false,&quot;children&quot;:null,&quot;layers&quot;:&quot;\/navigation\/2483\/layers&quot;,&quot;link&quot;:&quot;\/r\/hygiene-et-beaute\/hommes\/soins-du-visage-homme&quot;},{&quot;name&quot;:&quot;Gels douche homme&quot;,&quot;code&quot;:&quot;R13F10SF03&quot;,&quot;id&quot;:&quot;2484&quot;,&quot;type&quot;:&quot;RAYON&quot;,&quot;picto&quot;:null,&quot;level&quot;:3,&quot;sellerId&quot;:null,&quot;slug&quot;:&quot;gels-douche-homme&quot;,&quot;selected&quot;:false,&quot;children&quot;:null,&quot;layers&quot;:&quot;\/navigation\/2484\/layers&quot;,&quot;link&quot;:&quot;\/r\/hygiene-et-beaute\/hommes\/gels-douche-homme&quot;},{&quot;name&quot;:&quot;Shampoings homme&quot;,&quot;code&quot;:&quot;R13F10SF04&quot;,&quot;id&quot;:&quot;2485&quot;,&quot;type&quot;:&quot;RAYON&quot;,&quot;picto&quot;:null,&quot;level&quot;:3,&quot;sellerId&quot;:null,&quot;slug&quot;:&quot;shampoings-homme&quot;,&quot;selected&quot;:false,&quot;children&quot;:null,&quot;layers&quot;:&quot;\/navigation\/2485\/layers&quot;,&quot;link&quot;:&quot;\/r\/hygiene-et-beaute\/hommes\/shampoings-homme&quot;},{&quot;name&quot;:&quot;D\u00e9odorants homme&quot;,&quot;code&quot;:&quot;R13F10SF05&quot;,&quot;id&quot;:&quot;2486&quot;,&quot;type&quot;:&quot;RAYON&quot;,&quot;picto&quot;:null,&quot;level&quot;:3,&quot;sellerId&quot;:null,&quot;slug&quot;:&quot;deodorants-hommes&quot;,&quot;selected&quot;:false,&quot;children&quot;:null,&quot;layers&quot;:&quot;\/navigation\/2486\/layers&quot;,&quot;link&quot;:&quot;\/r\/hygiene-et-beaute\/hommes\/deodorants-hommes&quot;},{&quot;name&quot;:&quot;Gels et Cires&quot;,&quot;code&quot;:&quot;R13F10SF06&quot;,&quot;id&quot;:&quot;2487&quot;,&quot;type&quot;:&quot;RAYON&quot;,&quot;picto&quot;:null,&quot;level&quot;:3,&quot;sellerId&quot;:null,&quot;slug&quot;:&quot;gels-et-cires&quot;,&quot;selected&quot;:false,&quot;children&quot;:null,&quot;layers&quot;:&quot;\/navigation\/2487\/layers&quot;,&quot;link&quot;:&quot;\/r\/hygiene-et-beaute\/hommes\/gels-et-cires&quot;}],&quot;layers&quot;:&quot;\/navigation\/2477\/layers&quot;,&quot;link&quot;:&quot;\/r\/hygiene-et-beaute\/hommes&quot;},{&quot;name&quot;:&quot;Huiles essentielles&quot;,&quot;code&quot;:&quot;R13F11&quot;,&quot;id&quot;:&quot;2495&quot;,&quot;type&quot;:&quot;RAYON&quot;,&quot;picto&quot;:&quot;https:\/\/media.carrefour.fr\/medias\/1ec159e3756b367d852d99145d86afef\/p_96x96\/2495.jpg&quot;,&quot;level&quot;:2,&quot;sellerId&quot;:null,&quot;slug&quot;:&quot;huiles-essentielles&quot;,&quot;selected&quot;:false,&quot;children&quot;:null,&quot;layers&quot;:&quot;\/navigation\/2495\/layers&quot;,&quot;link&quot;:&quot;\/r\/hygiene-et-beaute\/huiles-essentielles&quot;},{&quot;name&quot;:&quot;Formats voyage&quot;,&quot;code&quot;:&quot;R13F12&quot;,&quot;id&quot;:&quot;2496&quot;,&quot;type&quot;:&quot;RAYON&quot;,&quot;picto&quot;:&quot;https:\/\/media.carrefour.fr\/medias\/de1809f0ff413e1397614bce068563e1\/p_96x96\/2496.jpg&quot;,&quot;level&quot;:2,&quot;sellerId&quot;:null,&quot;slug&quot;:&quot;formats-voyage&quot;,&quot;selected&quot;:false,&quot;children&quot;:null,&quot;layers&quot;:&quot;\/navigation\/2496\/layers&quot;,&quot;link&quot;:&quot;\/r\/hygiene-et-beaute\/formats-voyage&quot;}],&quot;layers&quot;:&quot;\/navigation\/2415\/layers&quot;,&quot;link&quot;:&quot;\/r\/hygiene-et-beaute&quot;},{&quot;name&quot;:&quot;Parapharmacie&quot;,&quot;code&quot;:&quot;R14&quot;,&quot;id&quot;:&quot;2497&quot;,&quot;type&quot;:&quot;BOUTIQUE_BOUTIQUE&quot;,&quot;picto&quot;:&quot;https:\/\/media.carrefour.fr\/medias\/c816b921c67a359c9d3b4a57897b7367\/p_96x96\/2497.jpg&quot;,&quot;level&quot;:1,&quot;sellerId&quot;:null,&quot;slug&quot;:&quot;parapharmacie&quot;,&quot;selected&quot;:false,&quot;children&quot;:[{&quot;name&quot;:&quot;Coffrets&quot;,&quot;code&quot;:&quot;R14F02&quot;,&quot;id&quot;:&quot;28606&quot;,&quot;type&quot;:&quot;BOUTIQUE_BOUTIQUE&quot;,&quot;picto&quot;:null,&quot;level&quot;:2,&quot;sellerId&quot;:null,&quot;slug&quot;:&quot;coffrets&quot;,&quot;selected&quot;:false,&quot;children&quot;:null,&quot;prefix&quot;:&quot;boutique&quot;,&quot;layers&quot;:&quot;\/navigation\/28606\/layers&quot;,&quot;link&quot;:&quot;\/boutique\/parapharmacie\/coffrets&quot;},{&quot;name&quot;:&quot;Compl\u00e9ments alimentaires&quot;,&quot;code&quot;:&quot;R14F02&quot;,&quot;id&quot;:&quot;2567&quot;,&quot;type&quot;:&quot;BOUTIQUE_BOUTIQUE&quot;,&quot;picto&quot;:&quot;https:\/\/media.carrefour.fr\/medias\/50ee7ead6edb3f20a10eee9c526d1981\/p_96x96\/2567.jpg&quot;,&quot;level&quot;:2,&quot;sellerId&quot;:null,&quot;slug&quot;:&quot;complements-alimentaires&quot;,&quot;selected&quot;:false,&quot;children&quot;:[{&quot;name&quot;:&quot;Peau et Solaire&quot;,&quot;code&quot;:&quot;R14F02SF01&quot;,&quot;id&quot;:&quot;2568&quot;,&quot;type&quot;:&quot;BOUTIQUE_BOUTIQUE&quot;,&quot;picto&quot;:null,&quot;level&quot;:3,&quot;sellerId&quot;:null,&quot;slug&quot;:&quot;peau-et-solaire&quot;,&quot;selected&quot;:false,&quot;children&quot;:null,&quot;prefix&quot;:&quot;boutique&quot;,&quot;layers&quot;:&quot;\/navigation\/2568\/layers&quot;,&quot;link&quot;:&quot;\/boutique\/parapharmacie\/complements-alimentaires\/peau-et-solaire&quot;},{&quot;name&quot;:&quot;Digestion et Transit&quot;,&quot;code&quot;:&quot;R14F02SF02&quot;,&quot;id&quot;:&quot;2569&quot;,&quot;type&quot;:&quot;BOUTIQUE_BOUTIQUE&quot;,&quot;picto&quot;:null,&quot;level&quot;:3,&quot;sellerId&quot;:null,&quot;slug&quot;:&quot;digestion-et-transit&quot;,&quot;selected&quot;:false,&quot;children&quot;:null,&quot;prefix&quot;:&quot;boutique&quot;,&quot;layers&quot;:&quot;\/navigation\/2569\/layers&quot;,&quot;link&quot;:&quot;\/boutique\/parapharmacie\/complements-alimentaires\/digestion-et-transit&quot;},{&quot;name&quot;:&quot;Forme et Sant\u00e9&quot;,&quot;code&quot;:&quot;R14F02SF03&quot;,&quot;id&quot;:&quot;2570&quot;,&quot;type&quot;:&quot;BOUTIQUE_BOUTIQUE&quot;,&quot;picto&quot;:null,&quot;level&quot;:3,&quot;sellerId&quot;:null,&quot;slug&quot;:&quot;forme-et-sante&quot;,&quot;selected&quot;:false,&quot;children&quot;:[{&quot;name&quot;:&quot;Articulations&quot;,&quot;code&quot;:&quot;R14F02SF03SS01&quot;,&quot;id&quot;:&quot;2571&quot;,&quot;type&quot;:&quot;BOUTIQUE_BOUTIQUE&quot;,&quot;picto&quot;:null,&quot;level&quot;:4,&quot;sellerId&quot;:null,&quot;slug&quot;:&quot;articulations&quot;,&quot;selected&quot;:false,&quot;children&quot;:null,&quot;prefix&quot;:&quot;boutique&quot;,&quot;layers&quot;:&quot;\/navigation\/2571\/layers&quot;,&quot;link&quot;:&quot;\/boutique\/parapharmacie\/complements-alimentaires\/forme-et-sante\/articulations&quot;},{&quot;name&quot;:&quot;Jambes et Circulation&quot;,&quot;code&quot;:&quot;R14F02SF03SS02&quot;,&quot;id&quot;:&quot;2572&quot;,&quot;type&quot;:&quot;BOUTIQUE_BOUTIQUE&quot;,&quot;picto&quot;:null,&quot;level&quot;:4,&quot;sellerId&quot;:null,&quot;slug&quot;:&quot;jambes-et-circulation&quot;,&quot;selected&quot;:false,&quot;children&quot;:null,&quot;prefix&quot;:&quot;boutique&quot;,&quot;layers&quot;:&quot;\/navigation\/2572\/layers&quot;,&quot;link&quot;:&quot;\/boutique\/parapharmacie\/complements-alimentaires\/forme-et-sante\/jambes-et-circulation&quot;}],&quot;prefix&quot;:&quot;boutique&quot;,&quot;layers&quot;:&quot;\/navigation\/2570\/layers&quot;,&quot;link&quot;:&quot;\/boutique\/parapharmacie\/complements-alimentaires\/forme-et-sante&quot;},{&quot;name&quot;:&quot;Cheveux et Ongles&quot;,&quot;code&quot;:&quot;R14F01SF04&quot;,&quot;id&quot;:&quot;2573&quot;,&quot;type&quot;:&quot;BOUTIQUE_BOUTIQUE&quot;,&quot;picto&quot;:null,&quot;level&quot;:3,&quot;sellerId&quot;:null,&quot;slug&quot;:&quot;cheveux-et-ongles&quot;,&quot;selected&quot;:false,&quot;children&quot;:null,&quot;prefix&quot;:&quot;boutique&quot;,&quot;layers&quot;:&quot;\/navigation\/2573\/layers&quot;,&quot;link&quot;:&quot;\/boutique\/parapharmacie\/complements-alimentaires\/cheveux-et-ongles&quot;},{&quot;name&quot;:&quot;Huiles essentielles et Sprays&quot;,&quot;code&quot;:&quot;R14F02SF05&quot;,&quot;id&quot;:&quot;2574&quot;,&quot;type&quot;:&quot;BOUTIQUE_BOUTIQUE&quot;,&quot;picto&quot;:null,&quot;level&quot;:3,&quot;sellerId&quot;:null,&quot;slug&quot;:&quot;huiles-essentielles-et-sprays&quot;,&quot;selected&quot;:false,&quot;children&quot;:null,&quot;prefix&quot;:&quot;boutique&quot;,&quot;layers&quot;:&quot;\/navigation\/2574\/layers&quot;,&quot;link&quot;:&quot;\/boutique\/parapharmacie\/complements-alimentaires\/huiles-essentielles-et-sprays&quot;},{&quot;name&quot;:&quot;Vitamines&quot;,&quot;code&quot;:&quot;R14F02SF06&quot;,&quot;id&quot;:&quot;2575&quot;,&quot;type&quot;:&quot;BOUTIQUE_BOUTIQUE&quot;,&quot;picto&quot;:null,&quot;level&quot;:3,&quot;sellerId&quot;:null,&quot;slug&quot;:&quot;vitamines&quot;,&quot;selected&quot;:false,&quot;children&quot;:null,&quot;prefix&quot;:&quot;boutique&quot;,&quot;layers&quot;:&quot;\/navigation\/2575\/layers&quot;,&quot;link&quot;:&quot;\/boutique\/parapharmacie\/complements-alimentaires\/vitamines&quot;},{&quot;name&quot;:&quot;Minceur&quot;,&quot;code&quot;:&quot;R14F02SF07&quot;,&quot;id&quot;:&quot;2576&quot;,&quot;type&quot;:&quot;BOUTIQUE_BOUTIQUE&quot;,&quot;picto&quot;:null,&quot;level&quot;:3,&quot;sellerId&quot;:null,&quot;slug&quot;:&quot;minceur&quot;,&quot;selected&quot;:false,&quot;children&quot;:[{&quot;name&quot;:&quot;Capteurs et Bruleurs de graisse&quot;,&quot;code&quot;:&quot;R14F02SF07SS01&quot;,&quot;id&quot;:&quot;2577&quot;,&quot;type&quot;:&quot;BOUTIQUE_BOUTIQUE&quot;,&quot;picto&quot;:null,&quot;level&quot;:4,&quot;sellerId&quot;:null,&quot;slug&quot;:&quot;capteurs-bruleurs-de-graisse&quot;,&quot;selected&quot;:false,&quot;children&quot;:null,&quot;prefix&quot;:&quot;boutique&quot;,&quot;layers&quot;:&quot;\/navigation\/2577\/layers&quot;,&quot;link&quot;:&quot;\/boutique\/parapharmacie\/complements-alimentaires\/minceur\/capteurs-bruleurs-de-graisse&quot;},{&quot;name&quot;:&quot;Drainage et Cellulite&quot;,&quot;code&quot;:&quot;R14F02SF07SS02&quot;,&quot;id&quot;:&quot;2578&quot;,&quot;type&quot;:&quot;BOUTIQUE_BOUTIQUE&quot;,&quot;picto&quot;:null,&quot;level&quot;:4,&quot;sellerId&quot;:null,&quot;slug&quot;:&quot;drainage-et-cellulite&quot;,&quot;selected&quot;:false,&quot;children&quot;:null,&quot;prefix&quot;:&quot;boutique&quot;,&quot;layers&quot;:&quot;\/navigation\/2578\/layers&quot;,&quot;link&quot;:&quot;\/boutique\/parapharmacie\/complements-alimentaires\/minceur\/drainage-et-cellulite&quot;}],&quot;prefix&quot;:&quot;boutique&quot;,&quot;layers&quot;:&quot;\/navigation\/2576\/layers&quot;,&quot;link&quot;:&quot;\/boutique\/parapharmacie\/complements-alimentaires\/minceur&quot;},{&quot;name&quot;:&quot;Sommeil et Stress&quot;,&quot;code&quot;:&quot;R14F02SF08&quot;,&quot;id&quot;:&quot;2579&quot;,&quot;type&quot;:&quot;BOUTIQUE_BOUTIQUE&quot;,&quot;picto&quot;:null,&quot;level&quot;:3,&quot;sellerId&quot;:null,&quot;slug&quot;:&quot;sommeil-et-stress&quot;,&quot;selected&quot;:false,&quot;children&quot;:null,&quot;prefix&quot;:&quot;boutique&quot;,&quot;layers&quot;:&quot;\/navigation\/2579\/layers&quot;,&quot;link&quot;:&quot;\/boutique\/parapharmacie\/complements-alimentaires\/sommeil-et-stress&quot;}],&quot;prefix&quot;:&quot;boutique&quot;,&quot;layers&quot;:&quot;\/navigation\/2567\/layers&quot;,&quot;link&quot;:&quot;\/boutique\/parapharmacie\/complements-alimentaires&quot;},{&quot;name&quot;:&quot;Corps&quot;,&quot;code&quot;:&quot;R14F03&quot;,&quot;id&quot;:&quot;2520&quot;,&quot;type&quot;:&quot;BOUTIQUE_BOUTIQUE&quot;,&quot;picto&quot;:&quot;https:\/\/media.carrefour.fr\/medias\/04d315781b183a7c849b0f7072b549ea\/p_96x96\/2520.jpg&quot;,&quot;level&quot;:2,&quot;sellerId&quot;:null,&quot;slug&quot;:&quot;corps&quot;,&quot;selected&quot;:false,&quot;children&quot;:[{&quot;name&quot;:&quot;Laits et Baumes hydratants&quot;,&quot;code&quot;:&quot;R14F03SF01&quot;,&quot;id&quot;:&quot;2521&quot;,&quot;type&quot;:&quot;BOUTIQUE_BOUTIQUE&quot;,&quot;picto&quot;:null,&quot;level&quot;:3,&quot;sellerId&quot;:null,&quot;slug&quot;:&quot;laits-et-baumes-hydratants&quot;,&quot;selected&quot;:false,&quot;children&quot;:null,&quot;prefix&quot;:&quot;boutique&quot;,&quot;layers&quot;:&quot;\/navigation\/2521\/layers&quot;,&quot;link&quot;:&quot;\/boutique\/parapharmacie\/corps\/laits-et-baumes-hydratants&quot;},{&quot;name&quot;:&quot;Huiles corps et Cheveux&quot;,&quot;code&quot;:&quot;R14F03SF02&quot;,&quot;id&quot;:&quot;2522&quot;,&quot;type&quot;:&quot;BOUTIQUE_BOUTIQUE&quot;,&quot;picto&quot;:null,&quot;level&quot;:3,&quot;sellerId&quot;:null,&quot;slug&quot;:&quot;huile-corps-et-cheveux&quot;,&quot;selected&quot;:false,&quot;children&quot;:null,&quot;prefix&quot;:&quot;boutique&quot;,&quot;layers&quot;:&quot;\/navigation\/2522\/layers&quot;,&quot;link&quot;:&quot;\/boutique\/parapharmacie\/corps\/huile-corps-et-cheveux&quot;},{&quot;name&quot;:&quot;Hygi\u00e8ne intime&quot;,&quot;code&quot;:&quot;R14F03SF03&quot;,&quot;id&quot;:&quot;2523&quot;,&quot;type&quot;:&quot;BOUTIQUE_BOUTIQUE&quot;,&quot;picto&quot;:null,&quot;level&quot;:3,&quot;sellerId&quot;:null,&quot;slug&quot;:&quot;hygiene-intime&quot;,&quot;selected&quot;:false,&quot;children&quot;:null,&quot;prefix&quot;:&quot;boutique&quot;,&quot;layers&quot;:&quot;\/navigation\/2523\/layers&quot;,&quot;link&quot;:&quot;\/boutique\/parapharmacie\/corps\/hygiene-intime&quot;},{&quot;name&quot;:&quot;Parfums&quot;,&quot;code&quot;:&quot;R14F03SF04&quot;,&quot;id&quot;:&quot;2524&quot;,&quot;type&quot;:&quot;BOUTIQUE_BOUTIQUE&quot;,&quot;picto&quot;:null,&quot;level&quot;:3,&quot;sellerId&quot;:null,&quot;slug&quot;:&quot;parfums&quot;,&quot;selected&quot;:false,&quot;children&quot;:null,&quot;prefix&quot;:&quot;boutique&quot;,&quot;layers&quot;:&quot;\/navigation\/2524\/layers&quot;,&quot;link&quot;:&quot;\/boutique\/parapharmacie\/corps\/parfums&quot;},{&quot;name&quot;:&quot;D\u00e9odorants mixtes&quot;,&quot;code&quot;:&quot;R14F03SF05&quot;,&quot;id&quot;:&quot;2525&quot;,&quot;type&quot;:&quot;BOUTIQUE_BOUTIQUE&quot;,&quot;picto&quot;:null,&quot;level&quot;:3,&quot;sellerId&quot;:null,&quot;slug&quot;:&quot;deodorants-mixtes&quot;,&quot;selected&quot;:false,&quot;children&quot;:null,&quot;prefix&quot;:&quot;boutique&quot;,&quot;layers&quot;:&quot;\/navigation\/2525\/layers&quot;,&quot;link&quot;:&quot;\/boutique\/parapharmacie\/corps\/deodorants-mixtes&quot;},{&quot;name&quot;:&quot;Soins amincissants et raffermissants&quot;,&quot;code&quot;:&quot;R14F03SF06&quot;,&quot;id&quot;:&quot;2526&quot;,&quot;type&quot;:&quot;BOUTIQUE_BOUTIQUE&quot;,&quot;picto&quot;:null,&quot;level&quot;:3,&quot;sellerId&quot;:null,&quot;slug&quot;:&quot;soins-amincissants-et-raffermissants&quot;,&quot;selected&quot;:false,&quot;children&quot;:null,&quot;prefix&quot;:&quot;boutique&quot;,&quot;layers&quot;:&quot;\/navigation\/2526\/layers&quot;,&quot;link&quot;:&quot;\/boutique\/parapharmacie\/corps\/soins-amincissants-et-raffermissants&quot;},{&quot;name&quot;:&quot;Vergetures, Pr\u00e9vention et R\u00e9paration&quot;,&quot;code&quot;:&quot;R14F03SF07&quot;,&quot;id&quot;:&quot;2527&quot;,&quot;type&quot;:&quot;BOUTIQUE_BOUTIQUE&quot;,&quot;picto&quot;:null,&quot;level&quot;:3,&quot;sellerId&quot;:null,&quot;slug&quot;:&quot;vergetures-prevention-et-reparation&quot;,&quot;selected&quot;:false,&quot;children&quot;:null,&quot;prefix&quot;:&quot;boutique&quot;,&quot;layers&quot;:&quot;\/navigation\/2527\/layers&quot;,&quot;link&quot;:&quot;\/boutique\/parapharmacie\/corps\/vergetures-prevention-et-reparation&quot;},{&quot;name&quot;:&quot;Soin des mains et pieds&quot;,&quot;code&quot;:&quot;R14F03SF08&quot;,&quot;id&quot;:&quot;2528&quot;,&quot;type&quot;:&quot;BOUTIQUE_BOUTIQUE&quot;,&quot;picto&quot;:null,&quot;level&quot;:3,&quot;sellerId&quot;:null,&quot;slug&quot;:&quot;soin-des-mains-et-pieds&quot;,&quot;selected&quot;:false,&quot;children&quot;:null,&quot;prefix&quot;:&quot;boutique&quot;,&quot;layers&quot;:&quot;\/navigation\/2528\/layers&quot;,&quot;link&quot;:&quot;\/boutique\/parapharmacie\/corps\/soin-des-mains-et-pieds&quot;},{&quot;name&quot;:&quot;D\u00e9pilatoires&quot;,&quot;code&quot;:&quot;R14F03SF09&quot;,&quot;id&quot;:&quot;2529&quot;,&quot;type&quot;:&quot;BOUTIQUE_BOUTIQUE&quot;,&quot;picto&quot;:null,&quot;level&quot;:3,&quot;sellerId&quot;:null,&quot;slug&quot;:&quot;depilatoires&quot;,&quot;selected&quot;:false,&quot;children&quot;:null,&quot;prefix&quot;:&quot;boutique&quot;,&quot;layers&quot;:&quot;\/navigation\/2529\/layers&quot;,&quot;link&quot;:&quot;\/boutique\/parapharmacie\/corps\/depilatoires&quot;},{&quot;name&quot;:&quot;Gels douche et Savons&quot;,&quot;code&quot;:&quot;R14F03SF10&quot;,&quot;id&quot;:&quot;2530&quot;,&quot;type&quot;:&quot;BOUTIQUE_BOUTIQUE&quot;,&quot;picto&quot;:null,&quot;level&quot;:3,&quot;sellerId&quot;:null,&quot;slug&quot;:&quot;gels-douche-savons&quot;,&quot;selected&quot;:false,&quot;children&quot;:null,&quot;prefix&quot;:&quot;boutique&quot;,&quot;layers&quot;:&quot;\/navigation\/2530\/layers&quot;,&quot;link&quot;:&quot;\/boutique\/parapharmacie\/corps\/gels-douche-savons&quot;}],&quot;prefix&quot;:&quot;boutique&quot;,&quot;layers&quot;:&quot;\/navigation\/2520\/layers&quot;,&quot;link&quot;:&quot;\/boutique\/parapharmacie\/corps&quot;},{&quot;name&quot;:&quot;Dentaire&quot;,&quot;code&quot;:&quot;R14F04&quot;,&quot;id&quot;:&quot;2498&quot;,&quot;type&quot;:&quot;BOUTIQUE_BOUTIQUE&quot;,&quot;picto&quot;:&quot;https:\/\/media.carrefour.fr\/medias\/5ddb4dba06533c308b39a8e4daf07011\/p_96x96\/2498.jpg&quot;,&quot;level&quot;:2,&quot;sellerId&quot;:null,&quot;slug&quot;:&quot;dentaire&quot;,&quot;selected&quot;:false,&quot;children&quot;:[{&quot;name&quot;:&quot;Brosses \u00e0 dent et Dentifrices enfant&quot;,&quot;code&quot;:&quot;R14F04SF01&quot;,&quot;id&quot;:&quot;2499&quot;,&quot;type&quot;:&quot;BOUTIQUE_BOUTIQUE&quot;,&quot;picto&quot;:null,&quot;level&quot;:3,&quot;sellerId&quot;:null,&quot;slug&quot;:&quot;brosses-a-dent-et-dentifrices-enfant&quot;,&quot;selected&quot;:false,&quot;children&quot;:null,&quot;prefix&quot;:&quot;boutique&quot;,&quot;layers&quot;:&quot;\/navigation\/2499\/layers&quot;,&quot;link&quot;:&quot;\/boutique\/parapharmacie\/dentaire\/brosses-a-dent-et-dentifrices-enfant&quot;},{&quot;name&quot;:&quot;Bains de bouche&quot;,&quot;code&quot;:&quot;R14F04SF02&quot;,&quot;id&quot;:&quot;2500&quot;,&quot;type&quot;:&quot;BOUTIQUE_BOUTIQUE&quot;,&quot;picto&quot;:null,&quot;level&quot;:3,&quot;sellerId&quot;:null,&quot;slug&quot;:&quot;bain-de-bouche&quot;,&quot;selected&quot;:false,&quot;children&quot;:null,&quot;prefix&quot;:&quot;boutique&quot;,&quot;layers&quot;:&quot;\/navigation\/2500\/layers&quot;,&quot;link&quot;:&quot;\/boutique\/parapharmacie\/dentaire\/bain-de-bouche&quot;},{&quot;name&quot;:&quot;Brosses \u00e0 dent adulte et Brossettes&quot;,&quot;code&quot;:&quot;R14F04SF03&quot;,&quot;id&quot;:&quot;2501&quot;,&quot;type&quot;:&quot;BOUTIQUE_BOUTIQUE&quot;,&quot;picto&quot;:null,&quot;level&quot;:3,&quot;sellerId&quot;:null,&quot;slug&quot;:&quot;brosses-a-dent-adulte-et-brossettes&quot;,&quot;selected&quot;:false,&quot;children&quot;:null,&quot;prefix&quot;:&quot;boutique&quot;,&quot;layers&quot;:&quot;\/navigation\/2501\/layers&quot;,&quot;link&quot;:&quot;\/boutique\/parapharmacie\/dentaire\/brosses-a-dent-adulte-et-brossettes&quot;},{&quot;name&quot;:&quot;Chewing gums, Pastilles et Kits voyage&quot;,&quot;code&quot;:&quot;R14F04SF04&quot;,&quot;id&quot;:&quot;2502&quot;,&quot;type&quot;:&quot;BOUTIQUE_BOUTIQUE&quot;,&quot;picto&quot;:null,&quot;level&quot;:3,&quot;sellerId&quot;:null,&quot;slug&quot;:&quot;chewing-gums-pastilles-et-kits-voyage&quot;,&quot;selected&quot;:false,&quot;children&quot;:null,&quot;prefix&quot;:&quot;boutique&quot;,&quot;layers&quot;:&quot;\/navigation\/2502\/layers&quot;,&quot;link&quot;:&quot;\/boutique\/parapharmacie\/dentaire\/chewing-gums-pastilles-et-kits-voyage&quot;},{&quot;name&quot;:&quot;Dentifrices adulte&quot;,&quot;code&quot;:&quot;R14F04SF05&quot;,&quot;id&quot;:&quot;2503&quot;,&quot;type&quot;:&quot;BOUTIQUE_BOUTIQUE&quot;,&quot;picto&quot;:null,&quot;level&quot;:3,&quot;sellerId&quot;:null,&quot;slug&quot;:&quot;dentifrice-adulte&quot;,&quot;selected&quot;:false,&quot;children&quot;:[{&quot;name&quot;:&quot;Protection gencives&quot;,&quot;code&quot;:&quot;R14F04SF05SS01&quot;,&quot;id&quot;:&quot;2504&quot;,&quot;type&quot;:&quot;BOUTIQUE_BOUTIQUE&quot;,&quot;picto&quot;:null,&quot;level&quot;:4,&quot;sellerId&quot;:null,&quot;slug&quot;:&quot;protection-gencives&quot;,&quot;selected&quot;:false,&quot;children&quot;:null,&quot;prefix&quot;:&quot;boutique&quot;,&quot;layers&quot;:&quot;\/navigation\/2504\/layers&quot;,&quot;link&quot;:&quot;\/boutique\/parapharmacie\/dentaire\/dentifrice-adulte\/protection-gencives&quot;},{&quot;name&quot;:&quot;Fraicheur&quot;,&quot;code&quot;:&quot;R14F04SF05SS02&quot;,&quot;id&quot;:&quot;2505&quot;,&quot;type&quot;:&quot;BOUTIQUE_BOUTIQUE&quot;,&quot;picto&quot;:null,&quot;level&quot;:4,&quot;sellerId&quot;:null,&quot;slug&quot;:&quot;fraicheur&quot;,&quot;selected&quot;:false,&quot;children&quot;:null,&quot;prefix&quot;:&quot;boutique&quot;,&quot;layers&quot;:&quot;\/navigation\/2505\/layers&quot;,&quot;link&quot;:&quot;\/boutique\/parapharmacie\/dentaire\/dentifrice-adulte\/fraicheur&quot;},{&quot;name&quot;:&quot;Blancheur&quot;,&quot;code&quot;:&quot;R14F04SF05SS03&quot;,&quot;id&quot;:&quot;2506&quot;,&quot;type&quot;:&quot;BOUTIQUE_BOUTIQUE&quot;,&quot;picto&quot;:null,&quot;level&quot;:4,&quot;sellerId&quot;:null,&quot;slug&quot;:&quot;blancheur&quot;,&quot;selected&quot;:false,&quot;children&quot;:null,&quot;prefix&quot;:&quot;boutique&quot;,&quot;layers&quot;:&quot;\/navigation\/2506\/layers&quot;,&quot;link&quot;:&quot;\/boutique\/parapharmacie\/dentaire\/dentifrice-adulte\/blancheur&quot;},{&quot;name&quot;:&quot;Sensible et Anti-caries&quot;,&quot;code&quot;:&quot;R14F04SF05SS04&quot;,&quot;id&quot;:&quot;2507&quot;,&quot;type&quot;:&quot;BOUTIQUE_BOUTIQUE&quot;,&quot;picto&quot;:null,&quot;level&quot;:4,&quot;sellerId&quot;:null,&quot;slug&quot;:&quot;sensible-et-anti-caries&quot;,&quot;selected&quot;:false,&quot;children&quot;:null,&quot;prefix&quot;:&quot;boutique&quot;,&quot;layers&quot;:&quot;\/navigation\/2507\/layers&quot;,&quot;link&quot;:&quot;\/boutique\/parapharmacie\/dentaire\/dentifrice-adulte\/sensible-et-anti-caries&quot;}],&quot;prefix&quot;:&quot;boutique&quot;,&quot;layers&quot;:&quot;\/navigation\/2503\/layers&quot;,&quot;link&quot;:&quot;\/boutique\/parapharmacie\/dentaire\/dentifrice-adulte&quot;}],&quot;prefix&quot;:&quot;boutique&quot;,&quot;layers&quot;:&quot;\/navigation\/2498\/layers&quot;,&quot;link&quot;:&quot;\/boutique\/parapharmacie\/dentaire&quot;},{&quot;name&quot;:&quot;Capillaire&quot;,&quot;code&quot;:&quot;R14F05&quot;,&quot;id&quot;:&quot;2508&quot;,&quot;type&quot;:&quot;BOUTIQUE_BOUTIQUE&quot;,&quot;picto&quot;:&quot;https:\/\/media.carrefour.fr\/medias\/fad9abb0ee8a32b6bf98cd581e896551\/p_96x96\/2508.jpg&quot;,&quot;level&quot;:2,&quot;sellerId&quot;:null,&quot;slug&quot;:&quot;capillaire&quot;,&quot;selected&quot;:false,&quot;children&quot;:[{&quot;name&quot;:&quot;Coloration&quot;,&quot;code&quot;:&quot;R14F05SF01&quot;,&quot;id&quot;:&quot;2509&quot;,&quot;type&quot;:&quot;BOUTIQUE_BOUTIQUE&quot;,&quot;picto&quot;:null,&quot;level&quot;:3,&quot;sellerId&quot;:null,&quot;slug&quot;:&quot;coloration&quot;,&quot;selected&quot;:false,&quot;children&quot;:null,&quot;prefix&quot;:&quot;boutique&quot;,&quot;layers&quot;:&quot;\/navigation\/2509\/layers&quot;,&quot;link&quot;:&quot;\/boutique\/parapharmacie\/capillaire\/coloration&quot;},{&quot;name&quot;:&quot;Anti poux&quot;,&quot;code&quot;:&quot;R14F05SF02&quot;,&quot;id&quot;:&quot;2510&quot;,&quot;type&quot;:&quot;BOUTIQUE_BOUTIQUE&quot;,&quot;picto&quot;:null,&quot;level&quot;:3,&quot;sellerId&quot;:null,&quot;slug&quot;:&quot;anti-poux&quot;,&quot;selected&quot;:false,&quot;children&quot;:null,&quot;prefix&quot;:&quot;boutique&quot;,&quot;layers&quot;:&quot;\/navigation\/2510\/layers&quot;,&quot;link&quot;:&quot;\/boutique\/parapharmacie\/capillaire\/anti-poux&quot;},{&quot;name&quot;:&quot;Apr\u00e8s shampoings et Soins&quot;,&quot;code&quot;:&quot;R14F05SF04&quot;,&quot;id&quot;:&quot;2512&quot;,&quot;type&quot;:&quot;BOUTIQUE_BOUTIQUE&quot;,&quot;picto&quot;:null,&quot;level&quot;:3,&quot;sellerId&quot;:null,&quot;slug&quot;:&quot;apres-shampoings-et-soins&quot;,&quot;selected&quot;:false,&quot;children&quot;:null,&quot;prefix&quot;:&quot;boutique&quot;,&quot;layers&quot;:&quot;\/navigation\/2512\/layers&quot;,&quot;link&quot;:&quot;\/boutique\/parapharmacie\/capillaire\/apres-shampoings-et-soins&quot;},{&quot;name&quot;:&quot;Shampoings&quot;,&quot;code&quot;:&quot;R14F05SF05&quot;,&quot;id&quot;:&quot;2513&quot;,&quot;type&quot;:&quot;BOUTIQUE_BOUTIQUE&quot;,&quot;picto&quot;:null,&quot;level&quot;:3,&quot;sellerId&quot;:null,&quot;slug&quot;:&quot;shampoings&quot;,&quot;selected&quot;:false,&quot;children&quot;:[{&quot;name&quot;:&quot;Cheveux normaux&quot;,&quot;code&quot;:&quot;R14F05SF05SS01&quot;,&quot;id&quot;:&quot;2514&quot;,&quot;type&quot;:&quot;BOUTIQUE_BOUTIQUE&quot;,&quot;picto&quot;:null,&quot;level&quot;:4,&quot;sellerId&quot;:null,&quot;slug&quot;:&quot;cheveux-normaux&quot;,&quot;selected&quot;:false,&quot;children&quot;:null,&quot;prefix&quot;:&quot;boutique&quot;,&quot;layers&quot;:&quot;\/navigation\/2514\/layers&quot;,&quot;link&quot;:&quot;\/boutique\/parapharmacie\/capillaire\/shampoings\/cheveux-normaux&quot;},{&quot;name&quot;:&quot;Cheveux secs et color\u00e9s&quot;,&quot;code&quot;:&quot;R14F05SF05SS02&quot;,&quot;id&quot;:&quot;2515&quot;,&quot;type&quot;:&quot;BOUTIQUE_BOUTIQUE&quot;,&quot;picto&quot;:null,&quot;level&quot;:4,&quot;sellerId&quot;:null,&quot;slug&quot;:&quot;cheveux-secs-et-colores&quot;,&quot;selected&quot;:false,&quot;children&quot;:null,&quot;prefix&quot;:&quot;boutique&quot;,&quot;layers&quot;:&quot;\/navigation\/2515\/layers&quot;,&quot;link&quot;:&quot;\/boutique\/parapharmacie\/capillaire\/shampoings\/cheveux-secs-et-colores&quot;},{&quot;name&quot;:&quot;Cheveux gras et volume&quot;,&quot;code&quot;:&quot;R14F05SF05SS03&quot;,&quot;id&quot;:&quot;2516&quot;,&quot;type&quot;:&quot;BOUTIQUE_BOUTIQUE&quot;,&quot;picto&quot;:null,&quot;level&quot;:4,&quot;sellerId&quot;:null,&quot;slug&quot;:&quot;cheveux-gras-et-volume&quot;,&quot;selected&quot;:false,&quot;children&quot;:null,&quot;prefix&quot;:&quot;boutique&quot;,&quot;layers&quot;:&quot;\/navigation\/2516\/layers&quot;,&quot;link&quot;:&quot;\/boutique\/parapharmacie\/capillaire\/shampoings\/cheveux-gras-et-volume&quot;},{&quot;name&quot;:&quot;Anti-pelliculaire et Dermotraitant&quot;,&quot;code&quot;:&quot;R14F05SF05SS04&quot;,&quot;id&quot;:&quot;2517&quot;,&quot;type&quot;:&quot;BOUTIQUE_BOUTIQUE&quot;,&quot;picto&quot;:null,&quot;level&quot;:4,&quot;sellerId&quot;:null,&quot;slug&quot;:&quot;anti-pelliculaire-et-dermotraitant&quot;,&quot;selected&quot;:false,&quot;children&quot;:null,&quot;prefix&quot;:&quot;boutique&quot;,&quot;layers&quot;:&quot;\/navigation\/2517\/layers&quot;,&quot;link&quot;:&quot;\/boutique\/parapharmacie\/capillaire\/shampoings\/anti-pelliculaire-et-dermotraitant&quot;},{&quot;name&quot;:&quot;Anti-chute&quot;,&quot;code&quot;:&quot;R14F05SF05SS05&quot;,&quot;id&quot;:&quot;2518&quot;,&quot;type&quot;:&quot;BOUTIQUE_BOUTIQUE&quot;,&quot;picto&quot;:null,&quot;level&quot;:4,&quot;sellerId&quot;:null,&quot;slug&quot;:&quot;anti-chute&quot;,&quot;selected&quot;:false,&quot;children&quot;:null,&quot;prefix&quot;:&quot;boutique&quot;,&quot;layers&quot;:&quot;\/navigation\/2518\/layers&quot;,&quot;link&quot;:&quot;\/boutique\/parapharmacie\/capillaire\/shampoings\/anti-chute&quot;},{&quot;name&quot;:&quot;Shampoings secs&quot;,&quot;code&quot;:&quot;R14F05SF05SS06&quot;,&quot;id&quot;:&quot;2519&quot;,&quot;type&quot;:&quot;BOUTIQUE_BOUTIQUE&quot;,&quot;picto&quot;:null,&quot;level&quot;:4,&quot;sellerId&quot;:null,&quot;slug&quot;:&quot;shampoings-secs&quot;,&quot;selected&quot;:false,&quot;children&quot;:null,&quot;prefix&quot;:&quot;boutique&quot;,&quot;layers&quot;:&quot;\/navigation\/2519\/layers&quot;,&quot;link&quot;:&quot;\/boutique\/parapharmacie\/capillaire\/shampoings\/shampoings-secs&quot;}],&quot;prefix&quot;:&quot;boutique&quot;,&quot;layers&quot;:&quot;\/navigation\/2513\/layers&quot;,&quot;link&quot;:&quot;\/boutique\/parapharmacie\/capillaire\/shampoings&quot;}],&quot;prefix&quot;:&quot;boutique&quot;,&quot;layers&quot;:&quot;\/navigation\/2508\/layers&quot;,&quot;link&quot;:&quot;\/boutique\/parapharmacie\/capillaire&quot;},{&quot;name&quot;:&quot;Visage&quot;,&quot;code&quot;:&quot;R14F06&quot;,&quot;id&quot;:&quot;2540&quot;,&quot;type&quot;:&quot;BOUTIQUE_BOUTIQUE&quot;,&quot;picto&quot;:&quot;https:\/\/media.carrefour.fr\/medias\/05fbc54c635c3b9496bbf47a09db569e\/p_96x96\/2540.jpg&quot;,&quot;level&quot;:2,&quot;sellerId&quot;:null,&quot;slug&quot;:&quot;visage&quot;,&quot;selected&quot;:false,&quot;children&quot;:[{&quot;name&quot;:&quot;Soins anti rougeurs et Soins d\u00e9pigmentant&quot;,&quot;code&quot;:&quot;R14F06SF01&quot;,&quot;id&quot;:&quot;2541&quot;,&quot;type&quot;:&quot;BOUTIQUE_BOUTIQUE&quot;,&quot;picto&quot;:null,&quot;level&quot;:3,&quot;sellerId&quot;:null,&quot;slug&quot;:&quot;soins-anti-rougeurs-soins-depigmentants&quot;,&quot;selected&quot;:false,&quot;children&quot;:null,&quot;prefix&quot;:&quot;boutique&quot;,&quot;layers&quot;:&quot;\/navigation\/2541\/layers&quot;,&quot;link&quot;:&quot;\/boutique\/parapharmacie\/visage\/soins-anti-rougeurs-soins-depigmentants&quot;},{&quot;name&quot;:&quot;Nettoyants et D\u00e9maquillants&quot;,&quot;code&quot;:&quot;R14F06SF02&quot;,&quot;id&quot;:&quot;2542&quot;,&quot;type&quot;:&quot;BOUTIQUE_BOUTIQUE&quot;,&quot;picto&quot;:null,&quot;level&quot;:3,&quot;sellerId&quot;:null,&quot;slug&quot;:&quot;nettoyants-et-demaquillants&quot;,&quot;selected&quot;:false,&quot;children&quot;:null,&quot;prefix&quot;:&quot;boutique&quot;,&quot;layers&quot;:&quot;\/navigation\/2542\/layers&quot;,&quot;link&quot;:&quot;\/boutique\/parapharmacie\/visage\/nettoyants-et-demaquillants&quot;},{&quot;name&quot;:&quot;Maquillage et Soins des l\u00e8vres&quot;,&quot;code&quot;:&quot;R14F06SF03&quot;,&quot;id&quot;:&quot;2543&quot;,&quot;type&quot;:&quot;BOUTIQUE_BOUTIQUE&quot;,&quot;picto&quot;:null,&quot;level&quot;:3,&quot;sellerId&quot;:null,&quot;slug&quot;:&quot;maquillage-et-soins-des-levres&quot;,&quot;selected&quot;:false,&quot;children&quot;:null,&quot;prefix&quot;:&quot;boutique&quot;,&quot;layers&quot;:&quot;\/navigation\/2543\/layers&quot;,&quot;link&quot;:&quot;\/boutique\/parapharmacie\/visage\/maquillage-et-soins-des-levres&quot;},{&quot;name&quot;:&quot;Contours yeux et Correcteurs&quot;,&quot;code&quot;:&quot;R14F06SF04&quot;,&quot;id&quot;:&quot;2544&quot;,&quot;type&quot;:&quot;BOUTIQUE_BOUTIQUE&quot;,&quot;picto&quot;:null,&quot;level&quot;:3,&quot;sellerId&quot;:null,&quot;slug&quot;:&quot;contours-yeux-correcteurs&quot;,&quot;selected&quot;:false,&quot;children&quot;:null,&quot;prefix&quot;:&quot;boutique&quot;,&quot;layers&quot;:&quot;\/navigation\/2544\/layers&quot;,&quot;link&quot;:&quot;\/boutique\/parapharmacie\/visage\/contours-yeux-correcteurs&quot;},{&quot;name&quot;:&quot;Soins anti-imperfections&quot;,&quot;code&quot;:&quot;R14F06SF05&quot;,&quot;id&quot;:&quot;2545&quot;,&quot;type&quot;:&quot;BOUTIQUE_BOUTIQUE&quot;,&quot;picto&quot;:null,&quot;level&quot;:3,&quot;sellerId&quot;:null,&quot;slug&quot;:&quot;soins-anti-imperfections&quot;,&quot;selected&quot;:false,&quot;children&quot;:[{&quot;name&quot;:&quot;Nettoyants, D\u00e9maquillants et Exfoliants&quot;,&quot;code&quot;:&quot;R14F06SF05SS01&quot;,&quot;id&quot;:&quot;2546&quot;,&quot;type&quot;:&quot;BOUTIQUE_BOUTIQUE&quot;,&quot;picto&quot;:null,&quot;level&quot;:4,&quot;sellerId&quot;:null,&quot;slug&quot;:&quot;nettoyants-demaquillants-et-exfoliants&quot;,&quot;selected&quot;:false,&quot;children&quot;:null,&quot;prefix&quot;:&quot;boutique&quot;,&quot;layers&quot;:&quot;\/navigation\/2546\/layers&quot;,&quot;link&quot;:&quot;\/boutique\/parapharmacie\/visage\/soins-anti-imperfections\/nettoyants-demaquillants-et-exfoliants&quot;},{&quot;name&quot;:&quot;Soins cibl\u00e9s boutons et Masques&quot;,&quot;code&quot;:&quot;R14F06SF05SS02&quot;,&quot;id&quot;:&quot;2547&quot;,&quot;type&quot;:&quot;BOUTIQUE_BOUTIQUE&quot;,&quot;picto&quot;:null,&quot;level&quot;:4,&quot;sellerId&quot;:null,&quot;slug&quot;:&quot;soins-cibles-boutons-et-masques&quot;,&quot;selected&quot;:false,&quot;children&quot;:null,&quot;prefix&quot;:&quot;boutique&quot;,&quot;layers&quot;:&quot;\/navigation\/2547\/layers&quot;,&quot;link&quot;:&quot;\/boutique\/parapharmacie\/visage\/soins-anti-imperfections\/soins-cibles-boutons-et-masques&quot;},{&quot;name&quot;:&quot;Soins hydratants et Matifiants&quot;,&quot;code&quot;:&quot;R14F06SF05SS03&quot;,&quot;id&quot;:&quot;2548&quot;,&quot;type&quot;:&quot;BOUTIQUE_BOUTIQUE&quot;,&quot;picto&quot;:null,&quot;level&quot;:4,&quot;sellerId&quot;:null,&quot;slug&quot;:&quot;soins-hydratants-et-matifiants&quot;,&quot;selected&quot;:false,&quot;children&quot;:null,&quot;prefix&quot;:&quot;boutique&quot;,&quot;layers&quot;:&quot;\/navigation\/2548\/layers&quot;,&quot;link&quot;:&quot;\/boutique\/parapharmacie\/visage\/soins-anti-imperfections\/soins-hydratants-et-matifiants&quot;}],&quot;prefix&quot;:&quot;boutique&quot;,&quot;layers&quot;:&quot;\/navigation\/2545\/layers&quot;,&quot;link&quot;:&quot;\/boutique\/parapharmacie\/visage\/soins-anti-imperfections&quot;},{&quot;name&quot;:&quot;S\u00e9rums visage&quot;,&quot;code&quot;:&quot;R14F06SF06&quot;,&quot;id&quot;:&quot;2549&quot;,&quot;type&quot;:&quot;BOUTIQUE_BOUTIQUE&quot;,&quot;picto&quot;:null,&quot;level&quot;:3,&quot;sellerId&quot;:null,&quot;slug&quot;:&quot;serums-visage&quot;,&quot;selected&quot;:false,&quot;children&quot;:null,&quot;prefix&quot;:&quot;boutique&quot;,&quot;layers&quot;:&quot;\/navigation\/2549\/layers&quot;,&quot;link&quot;:&quot;\/boutique\/parapharmacie\/visage\/serums-visage&quot;},{&quot;name&quot;:&quot;Homme&quot;,&quot;code&quot;:&quot;R14F06SF07&quot;,&quot;id&quot;:&quot;2550&quot;,&quot;type&quot;:&quot;BOUTIQUE_BOUTIQUE&quot;,&quot;picto&quot;:null,&quot;level&quot;:3,&quot;sellerId&quot;:null,&quot;slug&quot;:&quot;homme&quot;,&quot;selected&quot;:false,&quot;children&quot;:null,&quot;prefix&quot;:&quot;boutique&quot;,&quot;layers&quot;:&quot;\/navigation\/2550\/layers&quot;,&quot;link&quot;:&quot;\/boutique\/parapharmacie\/visage\/homme&quot;},{&quot;name&quot;:&quot;Soins hydratants et Masques&quot;,&quot;code&quot;:&quot;R14F06SF08&quot;,&quot;id&quot;:&quot;2551&quot;,&quot;type&quot;:&quot;BOUTIQUE_BOUTIQUE&quot;,&quot;picto&quot;:null,&quot;level&quot;:3,&quot;sellerId&quot;:null,&quot;slug&quot;:&quot;soins-hydratants-et-masques&quot;,&quot;selected&quot;:false,&quot;children&quot;:[{&quot;name&quot;:&quot;Masques&quot;,&quot;code&quot;:&quot;R14F06SF08SS01&quot;,&quot;id&quot;:&quot;2552&quot;,&quot;type&quot;:&quot;BOUTIQUE_BOUTIQUE&quot;,&quot;picto&quot;:null,&quot;level&quot;:4,&quot;sellerId&quot;:null,&quot;slug&quot;:&quot;masques&quot;,&quot;selected&quot;:false,&quot;children&quot;:null,&quot;prefix&quot;:&quot;boutique&quot;,&quot;layers&quot;:&quot;\/navigation\/2552\/layers&quot;,&quot;link&quot;:&quot;\/boutique\/parapharmacie\/visage\/soins-hydratants-et-masques\/masques&quot;},{&quot;name&quot;:&quot;Peaux sensibles et irrit\u00e9es&quot;,&quot;code&quot;:&quot;R14F06SF08SS02&quot;,&quot;id&quot;:&quot;2553&quot;,&quot;type&quot;:&quot;BOUTIQUE_BOUTIQUE&quot;,&quot;picto&quot;:null,&quot;level&quot;:4,&quot;sellerId&quot;:null,&quot;slug&quot;:&quot;peaux-sensibles-et-irritees&quot;,&quot;selected&quot;:false,&quot;children&quot;:null,&quot;prefix&quot;:&quot;boutique&quot;,&quot;layers&quot;:&quot;\/navigation\/2553\/layers&quot;,&quot;link&quot;:&quot;\/boutique\/parapharmacie\/visage\/soins-hydratants-et-masques\/peaux-sensibles-et-irritees&quot;},{&quot;name&quot;:&quot;Peaux s\u00e8ches \u00e0 tr\u00e8s s\u00e8ches&quot;,&quot;code&quot;:&quot;R14F06SF08SS03&quot;,&quot;id&quot;:&quot;2554&quot;,&quot;type&quot;:&quot;BOUTIQUE_BOUTIQUE&quot;,&quot;picto&quot;:null,&quot;level&quot;:4,&quot;sellerId&quot;:null,&quot;slug&quot;:&quot;peaux-seches-a-tres-seches&quot;,&quot;selected&quot;:false,&quot;children&quot;:null,&quot;prefix&quot;:&quot;boutique&quot;,&quot;layers&quot;:&quot;\/navigation\/2554\/layers&quot;,&quot;link&quot;:&quot;\/boutique\/parapharmacie\/visage\/soins-hydratants-et-masques\/peaux-seches-a-tres-seches&quot;},{&quot;name&quot;:&quot;Peaux normales, mixtes et grasses&quot;,&quot;code&quot;:&quot;R14F06SF08SS04&quot;,&quot;id&quot;:&quot;2555&quot;,&quot;type&quot;:&quot;BOUTIQUE_BOUTIQUE&quot;,&quot;picto&quot;:null,&quot;level&quot;:4,&quot;sellerId&quot;:null,&quot;slug&quot;:&quot;peaux-normales-mixtes-et-grasses&quot;,&quot;selected&quot;:false,&quot;children&quot;:null,&quot;prefix&quot;:&quot;boutique&quot;,&quot;layers&quot;:&quot;\/navigation\/2555\/layers&quot;,&quot;link&quot;:&quot;\/boutique\/parapharmacie\/visage\/soins-hydratants-et-masques\/peaux-normales-mixtes-et-grasses&quot;}],&quot;prefix&quot;:&quot;boutique&quot;,&quot;layers&quot;:&quot;\/navigation\/2551\/layers&quot;,&quot;link&quot;:&quot;\/boutique\/parapharmacie\/visage\/soins-hydratants-et-masques&quot;},{&quot;name&quot;:&quot;Soins anti-rides&quot;,&quot;code&quot;:&quot;R14F06SF09&quot;,&quot;id&quot;:&quot;2556&quot;,&quot;type&quot;:&quot;BOUTIQUE_BOUTIQUE&quot;,&quot;picto&quot;:null,&quot;level&quot;:3,&quot;sellerId&quot;:null,&quot;slug&quot;:&quot;soins-anti-rides&quot;,&quot;selected&quot;:false,&quot;children&quot;:[{&quot;name&quot;:&quot;Cr\u00e8mes de nuit&quot;,&quot;code&quot;:&quot;R14F06SF09SS01&quot;,&quot;id&quot;:&quot;2557&quot;,&quot;type&quot;:&quot;BOUTIQUE_BOUTIQUE&quot;,&quot;picto&quot;:null,&quot;level&quot;:4,&quot;sellerId&quot;:null,&quot;slug&quot;:&quot;cremes-de-nuit&quot;,&quot;selected&quot;:false,&quot;children&quot;:null,&quot;prefix&quot;:&quot;boutique&quot;,&quot;layers&quot;:&quot;\/navigation\/2557\/layers&quot;,&quot;link&quot;:&quot;\/boutique\/parapharmacie\/visage\/soins-anti-rides\/cremes-de-nuit&quot;},{&quot;name&quot;:&quot;Cr\u00e8mes de jour&quot;,&quot;code&quot;:&quot;R14F06SF09SS02&quot;,&quot;id&quot;:&quot;2558&quot;,&quot;type&quot;:&quot;BOUTIQUE_BOUTIQUE&quot;,&quot;picto&quot;:null,&quot;level&quot;:4,&quot;sellerId&quot;:null,&quot;slug&quot;:&quot;cremes-de-jour&quot;,&quot;selected&quot;:false,&quot;children&quot;:null,&quot;prefix&quot;:&quot;boutique&quot;,&quot;layers&quot;:&quot;\/navigation\/2558\/layers&quot;,&quot;link&quot;:&quot;\/boutique\/parapharmacie\/visage\/soins-anti-rides\/cremes-de-jour&quot;}],&quot;prefix&quot;:&quot;boutique&quot;,&quot;layers&quot;:&quot;\/navigation\/2556\/layers&quot;,&quot;link&quot;:&quot;\/boutique\/parapharmacie\/visage\/soins-anti-rides&quot;}],&quot;prefix&quot;:&quot;boutique&quot;,&quot;layers&quot;:&quot;\/navigation\/2540\/layers&quot;,&quot;link&quot;:&quot;\/boutique\/parapharmacie\/visage&quot;},{&quot;name&quot;:&quot;1ers Soins&quot;,&quot;code&quot;:&quot;R14F07&quot;,&quot;id&quot;:&quot;2531&quot;,&quot;type&quot;:&quot;BOUTIQUE_BOUTIQUE&quot;,&quot;picto&quot;:&quot;https:\/\/media.carrefour.fr\/medias\/a3a3e1a5a72f3063982d9d230e52a8f2\/p_96x96\/2531.jpg&quot;,&quot;level&quot;:2,&quot;sellerId&quot;:null,&quot;slug&quot;:&quot;1ers-soins&quot;,&quot;selected&quot;:false,&quot;children&quot;:[{&quot;name&quot;:&quot;Douleurs et Maux&quot;,&quot;code&quot;:&quot;R14F07SF01&quot;,&quot;id&quot;:&quot;2532&quot;,&quot;type&quot;:&quot;BOUTIQUE_BOUTIQUE&quot;,&quot;picto&quot;:null,&quot;level&quot;:3,&quot;sellerId&quot;:null,&quot;slug&quot;:&quot;douleurs-et-maux&quot;,&quot;selected&quot;:false,&quot;children&quot;:null,&quot;prefix&quot;:&quot;boutique&quot;,&quot;layers&quot;:&quot;\/navigation\/2532\/layers&quot;,&quot;link&quot;:&quot;\/boutique\/parapharmacie\/1ers-soins\/douleurs-et-maux&quot;},{&quot;name&quot;:&quot;Optique et Auditif&quot;,&quot;code&quot;:&quot;R14F07SF02&quot;,&quot;id&quot;:&quot;2533&quot;,&quot;type&quot;:&quot;BOUTIQUE_BOUTIQUE&quot;,&quot;picto&quot;:null,&quot;level&quot;:3,&quot;sellerId&quot;:null,&quot;slug&quot;:&quot;optique-et-auditif&quot;,&quot;selected&quot;:false,&quot;children&quot;:null,&quot;prefix&quot;:&quot;boutique&quot;,&quot;layers&quot;:&quot;\/navigation\/2533\/layers&quot;,&quot;link&quot;:&quot;\/boutique\/parapharmacie\/1ers-soins\/optique-et-auditif&quot;},{&quot;name&quot;:&quot;D\u00e9sinfectants et Cicatrisants&quot;,&quot;code&quot;:&quot;R14F07SF03&quot;,&quot;id&quot;:&quot;2534&quot;,&quot;type&quot;:&quot;BOUTIQUE_BOUTIQUE&quot;,&quot;picto&quot;:null,&quot;level&quot;:3,&quot;sellerId&quot;:null,&quot;slug&quot;:&quot;desinfectants-et-cicatrisants&quot;,&quot;selected&quot;:false,&quot;children&quot;:null,&quot;prefix&quot;:&quot;boutique&quot;,&quot;layers&quot;:&quot;\/navigation\/2534\/layers&quot;,&quot;link&quot;:&quot;\/boutique\/parapharmacie\/1ers-soins\/desinfectants-et-cicatrisants&quot;},{&quot;name&quot;:&quot;Thermom\u00e8tres et Tensiom\u00e8tres&quot;,&quot;code&quot;:&quot;R14F07SF04&quot;,&quot;id&quot;:&quot;2535&quot;,&quot;type&quot;:&quot;BOUTIQUE_BOUTIQUE&quot;,&quot;picto&quot;:null,&quot;level&quot;:3,&quot;sellerId&quot;:null,&quot;slug&quot;:&quot;thermometre-et-tensiometre&quot;,&quot;selected&quot;:false,&quot;children&quot;:null,&quot;prefix&quot;:&quot;boutique&quot;,&quot;layers&quot;:&quot;\/navigation\/2535\/layers&quot;,&quot;link&quot;:&quot;\/boutique\/parapharmacie\/1ers-soins\/thermometre-et-tensiometre&quot;},{&quot;name&quot;:&quot;Pansements et Bandes&quot;,&quot;code&quot;:&quot;R14F07SF05&quot;,&quot;id&quot;:&quot;2536&quot;,&quot;type&quot;:&quot;BOUTIQUE_BOUTIQUE&quot;,&quot;picto&quot;:null,&quot;level&quot;:3,&quot;sellerId&quot;:null,&quot;slug&quot;:&quot;pansement-et-bandes&quot;,&quot;selected&quot;:false,&quot;children&quot;:null,&quot;prefix&quot;:&quot;boutique&quot;,&quot;layers&quot;:&quot;\/navigation\/2536\/layers&quot;,&quot;link&quot;:&quot;\/boutique\/parapharmacie\/1ers-soins\/pansement-et-bandes&quot;},{&quot;name&quot;:&quot;Test de grossesse&quot;,&quot;code&quot;:&quot;R14F07SF06&quot;,&quot;id&quot;:&quot;2537&quot;,&quot;type&quot;:&quot;BOUTIQUE_BOUTIQUE&quot;,&quot;picto&quot;:null,&quot;level&quot;:3,&quot;sellerId&quot;:null,&quot;slug&quot;:&quot;test-de-grossesse&quot;,&quot;selected&quot;:false,&quot;children&quot;:null,&quot;prefix&quot;:&quot;boutique&quot;,&quot;layers&quot;:&quot;\/navigation\/2537\/layers&quot;,&quot;link&quot;:&quot;\/boutique\/parapharmacie\/1ers-soins\/test-de-grossesse&quot;},{&quot;name&quot;:&quot;Gels bact\u00e9riens et assainissants&quot;,&quot;code&quot;:&quot;R14F07SF07&quot;,&quot;id&quot;:&quot;2538&quot;,&quot;type&quot;:&quot;BOUTIQUE_BOUTIQUE&quot;,&quot;picto&quot;:null,&quot;level&quot;:3,&quot;sellerId&quot;:null,&quot;slug&quot;:&quot;gels-bacteriens-et-assainissants&quot;,&quot;selected&quot;:false,&quot;children&quot;:null,&quot;prefix&quot;:&quot;boutique&quot;,&quot;layers&quot;:&quot;\/navigation\/2538\/layers&quot;,&quot;link&quot;:&quot;\/boutique\/parapharmacie\/1ers-soins\/gels-bacteriens-et-assainissants&quot;},{&quot;name&quot;:&quot;Anti moustiques&quot;,&quot;code&quot;:&quot;R14F07SF08&quot;,&quot;id&quot;:&quot;2539&quot;,&quot;type&quot;:&quot;BOUTIQUE_BOUTIQUE&quot;,&quot;picto&quot;:null,&quot;level&quot;:3,&quot;sellerId&quot;:null,&quot;slug&quot;:&quot;anti-moustique&quot;,&quot;selected&quot;:false,&quot;children&quot;:null,&quot;prefix&quot;:&quot;boutique&quot;,&quot;layers&quot;:&quot;\/navigation\/2539\/layers&quot;,&quot;link&quot;:&quot;\/boutique\/parapharmacie\/1ers-soins\/anti-moustique&quot;}],&quot;prefix&quot;:&quot;boutique&quot;,&quot;layers&quot;:&quot;\/navigation\/2531\/layers&quot;,&quot;link&quot;:&quot;\/boutique\/parapharmacie\/1ers-soins&quot;},{&quot;name&quot;:&quot;Solaire&quot;,&quot;code&quot;:&quot;R14F08&quot;,&quot;id&quot;:&quot;2559&quot;,&quot;type&quot;:&quot;BOUTIQUE_BOUTIQUE&quot;,&quot;picto&quot;:&quot;https:\/\/media.carrefour.fr\/medias\/cfe480392197331e97b8435829743c9c\/p_96x96\/2559.jpg&quot;,&quot;level&quot;:2,&quot;sellerId&quot;:null,&quot;slug&quot;:&quot;solaire&quot;,&quot;selected&quot;:false,&quot;children&quot;:[{&quot;name&quot;:&quot;Cr\u00e8me solaire&quot;,&quot;code&quot;:&quot;R14F08SF01&quot;,&quot;id&quot;:&quot;2560&quot;,&quot;type&quot;:&quot;BOUTIQUE_BOUTIQUE&quot;,&quot;picto&quot;:null,&quot;level&quot;:3,&quot;sellerId&quot;:null,&quot;slug&quot;:&quot;creme-solaire&quot;,&quot;selected&quot;:false,&quot;children&quot;:[{&quot;name&quot;:&quot;Protection moyenne SPF 30&quot;,&quot;code&quot;:&quot;R14F08SF01SS01&quot;,&quot;id&quot;:&quot;2561&quot;,&quot;type&quot;:&quot;BOUTIQUE_BOUTIQUE&quot;,&quot;picto&quot;:null,&quot;level&quot;:4,&quot;sellerId&quot;:null,&quot;slug&quot;:&quot;protection-moyenne-spf-30&quot;,&quot;selected&quot;:false,&quot;children&quot;:null,&quot;prefix&quot;:&quot;boutique&quot;,&quot;layers&quot;:&quot;\/navigation\/2561\/layers&quot;,&quot;link&quot;:&quot;\/boutique\/parapharmacie\/solaire\/creme-solaire\/protection-moyenne-spf-30&quot;},{&quot;name&quot;:&quot;Protection haute SPF 50 et plus&quot;,&quot;code&quot;:&quot;R14F08SF01SS02&quot;,&quot;id&quot;:&quot;2562&quot;,&quot;type&quot;:&quot;BOUTIQUE_BOUTIQUE&quot;,&quot;picto&quot;:null,&quot;level&quot;:4,&quot;sellerId&quot;:null,&quot;slug&quot;:&quot;protection-haute-spf-50-et&quot;,&quot;selected&quot;:false,&quot;children&quot;:null,&quot;prefix&quot;:&quot;boutique&quot;,&quot;layers&quot;:&quot;\/navigation\/2562\/layers&quot;,&quot;link&quot;:&quot;\/boutique\/parapharmacie\/solaire\/creme-solaire\/protection-haute-spf-50-et&quot;},{&quot;name&quot;:&quot;Protection enfant&quot;,&quot;code&quot;:&quot;R14F08SF01SS03&quot;,&quot;id&quot;:&quot;2563&quot;,&quot;type&quot;:&quot;BOUTIQUE_BOUTIQUE&quot;,&quot;picto&quot;:null,&quot;level&quot;:4,&quot;sellerId&quot;:null,&quot;slug&quot;:&quot;protection-enfant&quot;,&quot;selected&quot;:false,&quot;children&quot;:null,&quot;prefix&quot;:&quot;boutique&quot;,&quot;layers&quot;:&quot;\/navigation\/2563\/layers&quot;,&quot;link&quot;:&quot;\/boutique\/parapharmacie\/solaire\/creme-solaire\/protection-enfant&quot;},{&quot;name&quot;:&quot;Protection faible SPF 20&quot;,&quot;code&quot;:&quot;R14F08SF01SS04&quot;,&quot;id&quot;:&quot;2564&quot;,&quot;type&quot;:&quot;BOUTIQUE_BOUTIQUE&quot;,&quot;picto&quot;:null,&quot;level&quot;:4,&quot;sellerId&quot;:null,&quot;slug&quot;:&quot;protection-faible-spf-20&quot;,&quot;selected&quot;:false,&quot;children&quot;:null,&quot;prefix&quot;:&quot;boutique&quot;,&quot;layers&quot;:&quot;\/navigation\/2564\/layers&quot;,&quot;link&quot;:&quot;\/boutique\/parapharmacie\/solaire\/creme-solaire\/protection-faible-spf-20&quot;}],&quot;prefix&quot;:&quot;boutique&quot;,&quot;layers&quot;:&quot;\/navigation\/2560\/layers&quot;,&quot;link&quot;:&quot;\/boutique\/parapharmacie\/solaire\/creme-solaire&quot;},{&quot;name&quot;:&quot;Apr\u00e8s soleil&quot;,&quot;code&quot;:&quot;R14F08SF02&quot;,&quot;id&quot;:&quot;2565&quot;,&quot;type&quot;:&quot;BOUTIQUE_BOUTIQUE&quot;,&quot;picto&quot;:null,&quot;level&quot;:3,&quot;sellerId&quot;:null,&quot;slug&quot;:&quot;apres-soleil&quot;,&quot;selected&quot;:false,&quot;children&quot;:null,&quot;prefix&quot;:&quot;boutique&quot;,&quot;layers&quot;:&quot;\/navigation\/2565\/layers&quot;,&quot;link&quot;:&quot;\/boutique\/parapharmacie\/solaire\/apres-soleil&quot;},{&quot;name&quot;:&quot;Autobronzants et Protection solaire capillaire&quot;,&quot;code&quot;:&quot;R14F08SF03&quot;,&quot;id&quot;:&quot;2566&quot;,&quot;type&quot;:&quot;BOUTIQUE_BOUTIQUE&quot;,&quot;picto&quot;:null,&quot;level&quot;:3,&quot;sellerId&quot;:null,&quot;slug&quot;:&quot;autobronzants-et-protection-solaire-capillaire&quot;,&quot;selected&quot;:false,&quot;children&quot;:null,&quot;prefix&quot;:&quot;boutique&quot;,&quot;layers&quot;:&quot;\/navigation\/2566\/layers&quot;,&quot;link&quot;:&quot;\/boutique\/parapharmacie\/solaire\/autobronzants-et-protection-solaire-capillaire&quot;}],&quot;prefix&quot;:&quot;boutique&quot;,&quot;layers&quot;:&quot;\/navigation\/2559\/layers&quot;,&quot;link&quot;:&quot;\/boutique\/parapharmacie\/solaire&quot;},{&quot;name&quot;:&quot;B\u00e9b\u00e9&quot;,&quot;code&quot;:&quot;R14F09&quot;,&quot;id&quot;:&quot;2580&quot;,&quot;type&quot;:&quot;BOUTIQUE_BOUTIQUE&quot;,&quot;picto&quot;:&quot;https:\/\/media.carrefour.fr\/medias\/955aa5de65013f6db745981588cc8d13\/p_96x96\/2580.jpg&quot;,&quot;level&quot;:2,&quot;sellerId&quot;:null,&quot;slug&quot;:&quot;bebe&quot;,&quot;selected&quot;:false,&quot;children&quot;:[{&quot;name&quot;:&quot;Futures et jeunes mamans&quot;,&quot;code&quot;:&quot;R14F09SF01&quot;,&quot;id&quot;:&quot;2581&quot;,&quot;type&quot;:&quot;BOUTIQUE_BOUTIQUE&quot;,&quot;picto&quot;:null,&quot;level&quot;:3,&quot;sellerId&quot;:null,&quot;slug&quot;:&quot;futures-et-jeunes-mamans&quot;,&quot;selected&quot;:false,&quot;children&quot;:null,&quot;prefix&quot;:&quot;boutique&quot;,&quot;layers&quot;:&quot;\/navigation\/2581\/layers&quot;,&quot;link&quot;:&quot;\/boutique\/parapharmacie\/bebe\/futures-et-jeunes-mamans&quot;},{&quot;name&quot;:&quot;Biberons, T\u00e9tines, Allaitement et Goupillons&quot;,&quot;code&quot;:&quot;R14F09SF02&quot;,&quot;id&quot;:&quot;2582&quot;,&quot;type&quot;:&quot;BOUTIQUE_BOUTIQUE&quot;,&quot;picto&quot;:null,&quot;level&quot;:3,&quot;sellerId&quot;:null,&quot;slug&quot;:&quot;biberons-tetines-allaitement-et-goupillons&quot;,&quot;selected&quot;:false,&quot;children&quot;:null,&quot;prefix&quot;:&quot;boutique&quot;,&quot;layers&quot;:&quot;\/navigation\/2582\/layers&quot;,&quot;link&quot;:&quot;\/boutique\/parapharmacie\/bebe\/biberons-tetines-allaitement-et-goupillons&quot;},{&quot;name&quot;:&quot;Toilette b\u00e9b\u00e9&quot;,&quot;code&quot;:&quot;R14F09SF03&quot;,&quot;id&quot;:&quot;2583&quot;,&quot;type&quot;:&quot;BOUTIQUE_BOUTIQUE&quot;,&quot;picto&quot;:null,&quot;level&quot;:3,&quot;sellerId&quot;:null,&quot;slug&quot;:&quot;toilette-bebe&quot;,&quot;selected&quot;:false,&quot;children&quot;:[{&quot;name&quot;:&quot;Soins hydratants et Cr\u00e8mes de change&quot;,&quot;code&quot;:&quot;R14F09SF03SS01&quot;,&quot;id&quot;:&quot;2584&quot;,&quot;type&quot;:&quot;BOUTIQUE_BOUTIQUE&quot;,&quot;picto&quot;:null,&quot;level&quot;:4,&quot;sellerId&quot;:null,&quot;slug&quot;:&quot;soins-hydratants-et-cremes-de-change&quot;,&quot;selected&quot;:false,&quot;children&quot;:null,&quot;prefix&quot;:&quot;boutique&quot;,&quot;layers&quot;:&quot;\/navigation\/2584\/layers&quot;,&quot;link&quot;:&quot;\/boutique\/parapharmacie\/bebe\/toilette-bebe\/soins-hydratants-et-cremes-de-change&quot;},{&quot;name&quot;:&quot;Lingettes et Liniments&quot;,&quot;code&quot;:&quot;R14F09SF03SS02&quot;,&quot;id&quot;:&quot;2585&quot;,&quot;type&quot;:&quot;BOUTIQUE_BOUTIQUE&quot;,&quot;picto&quot;:null,&quot;level&quot;:4,&quot;sellerId&quot;:null,&quot;slug&quot;:&quot;lingettes-et-liniments&quot;,&quot;selected&quot;:false,&quot;children&quot;:null,&quot;prefix&quot;:&quot;boutique&quot;,&quot;layers&quot;:&quot;\/navigation\/2585\/layers&quot;,&quot;link&quot;:&quot;\/boutique\/parapharmacie\/bebe\/toilette-bebe\/lingettes-et-liniments&quot;},{&quot;name&quot;:&quot;Laits de toilette et Parfums&quot;,&quot;code&quot;:&quot;R14F09SF03SS03&quot;,&quot;id&quot;:&quot;2586&quot;,&quot;type&quot;:&quot;BOUTIQUE_BOUTIQUE&quot;,&quot;picto&quot;:null,&quot;level&quot;:4,&quot;sellerId&quot;:null,&quot;slug&quot;:&quot;lait-de-toilette-et-parfums&quot;,&quot;selected&quot;:false,&quot;children&quot;:null,&quot;prefix&quot;:&quot;boutique&quot;,&quot;layers&quot;:&quot;\/navigation\/2586\/layers&quot;,&quot;link&quot;:&quot;\/boutique\/parapharmacie\/bebe\/toilette-bebe\/lait-de-toilette-et-parfums&quot;},{&quot;name&quot;:&quot;Gels lavants et Eaux nettoyantes&quot;,&quot;code&quot;:&quot;R14F09SF03SS04&quot;,&quot;id&quot;:&quot;2587&quot;,&quot;type&quot;:&quot;BOUTIQUE_BOUTIQUE&quot;,&quot;picto&quot;:null,&quot;level&quot;:4,&quot;sellerId&quot;:null,&quot;slug&quot;:&quot;gels-lavants-et-eaux-nettoyantes&quot;,&quot;selected&quot;:false,&quot;children&quot;:null,&quot;prefix&quot;:&quot;boutique&quot;,&quot;layers&quot;:&quot;\/navigation\/2587\/layers&quot;,&quot;link&quot;:&quot;\/boutique\/parapharmacie\/bebe\/toilette-bebe\/gels-lavants-et-eaux-nettoyantes&quot;},{&quot;name&quot;:&quot;S\u00e9rum physiologique et Sprays nasaux&quot;,&quot;code&quot;:&quot;R14F09SF03SS05&quot;,&quot;id&quot;:&quot;2588&quot;,&quot;type&quot;:&quot;BOUTIQUE_BOUTIQUE&quot;,&quot;picto&quot;:null,&quot;level&quot;:4,&quot;sellerId&quot;:null,&quot;slug&quot;:&quot;serum-physiologique-et-sprays-nasaux&quot;,&quot;selected&quot;:false,&quot;children&quot;:null,&quot;prefix&quot;:&quot;boutique&quot;,&quot;layers&quot;:&quot;\/navigation\/2588\/layers&quot;,&quot;link&quot;:&quot;\/boutique\/parapharmacie\/bebe\/toilette-bebe\/serum-physiologique-et-sprays-nasaux&quot;}],&quot;prefix&quot;:&quot;boutique&quot;,&quot;layers&quot;:&quot;\/navigation\/2583\/layers&quot;,&quot;link&quot;:&quot;\/boutique\/parapharmacie\/bebe\/toilette-bebe&quot;}],&quot;prefix&quot;:&quot;boutique&quot;,&quot;layers&quot;:&quot;\/navigation\/2580\/layers&quot;,&quot;link&quot;:&quot;\/boutique\/parapharmacie\/bebe&quot;}],&quot;layers&quot;:&quot;\/navigation\/2497\/layers&quot;,&quot;link&quot;:&quot;\/boutique\/parapharmacie&quot;},{&quot;name&quot;:&quot;Entretien et Nettoyage&quot;,&quot;code&quot;:&quot;R15&quot;,&quot;id&quot;:&quot;2589&quot;,&quot;type&quot;:&quot;RAYON&quot;,&quot;picto&quot;:&quot;https:\/\/media.carrefour.fr\/medias\/4334cdd14c8735afb0f595215f1efe1c\/p_96x96\/2589.jpg&quot;,&quot;level&quot;:1,&quot;sellerId&quot;:null,&quot;slug&quot;:&quot;entretien-et-nettoyage&quot;,&quot;selected&quot;:false,&quot;children&quot;:[{&quot;name&quot;:&quot;Lessives et Soin du linge&quot;,&quot;code&quot;:&quot;R15F02&quot;,&quot;id&quot;:&quot;2590&quot;,&quot;type&quot;:&quot;RAYON&quot;,&quot;picto&quot;:&quot;https:\/\/media.carrefour.fr\/medias\/a98098c7e6313e62910786b7438c618e\/p_96x96\/2590.jpg&quot;,&quot;level&quot;:2,&quot;sellerId&quot;:null,&quot;slug&quot;:&quot;lessives-et-soin-du-linge&quot;,&quot;selected&quot;:false,&quot;children&quot;:[{&quot;name&quot;:&quot;Soin du linge&quot;,&quot;code&quot;:&quot;R15F02SF01&quot;,&quot;id&quot;:&quot;2597&quot;,&quot;type&quot;:&quot;RAYON&quot;,&quot;picto&quot;:null,&quot;level&quot;:3,&quot;sellerId&quot;:null,&quot;slug&quot;:&quot;soin-du-linge&quot;,&quot;selected&quot;:false,&quot;children&quot;:[{&quot;name&quot;:&quot;D\u00e9tachants et Anti-d\u00e9coloration&quot;,&quot;code&quot;:&quot;R15F02SF01SS01&quot;,&quot;id&quot;:&quot;2598&quot;,&quot;type&quot;:&quot;RAYON&quot;,&quot;picto&quot;:null,&quot;level&quot;:4,&quot;sellerId&quot;:null,&quot;slug&quot;:&quot;detachants-et-anti-decoloration&quot;,&quot;selected&quot;:false,&quot;children&quot;:null,&quot;layers&quot;:&quot;\/navigation\/2598\/layers&quot;,&quot;link&quot;:&quot;\/r\/entretien-et-nettoyage\/lessives-et-soin-du-linge\/soin-du-linge\/detachants-et-anti-decoloration&quot;},{&quot;name&quot;:&quot;D\u00e9sinfectants et D\u00e9sodorisants&quot;,&quot;code&quot;:&quot;R15F02SF01SS02&quot;,&quot;id&quot;:&quot;2599&quot;,&quot;type&quot;:&quot;RAYON&quot;,&quot;picto&quot;:null,&quot;level&quot;:4,&quot;sellerId&quot;:null,&quot;slug&quot;:&quot;desinfectants-et-desodorisants&quot;,&quot;selected&quot;:false,&quot;children&quot;:null,&quot;layers&quot;:&quot;\/navigation\/2599\/layers&quot;,&quot;link&quot;:&quot;\/r\/entretien-et-nettoyage\/lessives-et-soin-du-linge\/soin-du-linge\/desinfectants-et-desodorisants&quot;},{&quot;name&quot;:&quot;Entretien du lave-linge&quot;,&quot;code&quot;:&quot;R15F02SF01SS03&quot;,&quot;id&quot;:&quot;2600&quot;,&quot;type&quot;:&quot;RAYON&quot;,&quot;picto&quot;:null,&quot;level&quot;:4,&quot;sellerId&quot;:null,&quot;slug&quot;:&quot;entretien-du-lave-linge&quot;,&quot;selected&quot;:false,&quot;children&quot;:null,&quot;layers&quot;:&quot;\/navigation\/2600\/layers&quot;,&quot;link&quot;:&quot;\/r\/entretien-et-nettoyage\/lessives-et-soin-du-linge\/soin-du-linge\/entretien-du-lave-linge&quot;},{&quot;name&quot;:&quot;Aide au repassage&quot;,&quot;code&quot;:&quot;R15F02SF01SS04&quot;,&quot;id&quot;:&quot;2601&quot;,&quot;type&quot;:&quot;RAYON&quot;,&quot;picto&quot;:null,&quot;level&quot;:4,&quot;sellerId&quot;:null,&quot;slug&quot;:&quot;aide-au-repassage&quot;,&quot;selected&quot;:false,&quot;children&quot;:null,&quot;layers&quot;:&quot;\/navigation\/2601\/layers&quot;,&quot;link&quot;:&quot;\/r\/entretien-et-nettoyage\/lessives-et-soin-du-linge\/soin-du-linge\/aide-au-repassage&quot;},{&quot;name&quot;:&quot;Teintures&quot;,&quot;code&quot;:&quot;R15F02SF01SS05&quot;,&quot;id&quot;:&quot;2602&quot;,&quot;type&quot;:&quot;RAYON&quot;,&quot;picto&quot;:null,&quot;level&quot;:4,&quot;sellerId&quot;:null,&quot;slug&quot;:&quot;teintures&quot;,&quot;selected&quot;:false,&quot;children&quot;:null,&quot;layers&quot;:&quot;\/navigation\/2602\/layers&quot;,&quot;link&quot;:&quot;\/r\/entretien-et-nettoyage\/lessives-et-soin-du-linge\/soin-du-linge\/teintures&quot;}],&quot;layers&quot;:&quot;\/navigation\/2597\/layers&quot;,&quot;link&quot;:&quot;\/r\/entretien-et-nettoyage\/lessives-et-soin-du-linge\/soin-du-linge&quot;},{&quot;name&quot;:&quot;Lessives&quot;,&quot;code&quot;:&quot;R15F02SF02&quot;,&quot;id&quot;:&quot;2591&quot;,&quot;type&quot;:&quot;RAYON&quot;,&quot;picto&quot;:null,&quot;level&quot;:3,&quot;sellerId&quot;:null,&quot;slug&quot;:&quot;lessives&quot;,&quot;selected&quot;:false,&quot;children&quot;:[{&quot;name&quot;:&quot;Tablettes et Capsules&quot;,&quot;code&quot;:&quot;R15F02SF02SS01&quot;,&quot;id&quot;:&quot;2592&quot;,&quot;type&quot;:&quot;RAYON&quot;,&quot;picto&quot;:null,&quot;level&quot;:4,&quot;sellerId&quot;:null,&quot;slug&quot;:&quot;tablettes-et-capsules&quot;,&quot;selected&quot;:false,&quot;children&quot;:null,&quot;layers&quot;:&quot;\/navigation\/2592\/layers&quot;,&quot;link&quot;:&quot;\/r\/entretien-et-nettoyage\/lessives-et-soin-du-linge\/lessives\/tablettes-et-capsules&quot;},{&quot;name&quot;:&quot;Liquides&quot;,&quot;code&quot;:&quot;R15F02SF02SS02&quot;,&quot;id&quot;:&quot;2593&quot;,&quot;type&quot;:&quot;RAYON&quot;,&quot;picto&quot;:null,&quot;level&quot;:4,&quot;sellerId&quot;:null,&quot;slug&quot;:&quot;liquides&quot;,&quot;selected&quot;:false,&quot;children&quot;:null,&quot;layers&quot;:&quot;\/navigation\/2593\/layers&quot;,&quot;link&quot;:&quot;\/r\/entretien-et-nettoyage\/lessives-et-soin-du-linge\/lessives\/liquides&quot;},{&quot;name&quot;:&quot;Poudres&quot;,&quot;code&quot;:&quot;R15F02SF02SS03&quot;,&quot;id&quot;:&quot;2594&quot;,&quot;type&quot;:&quot;RAYON&quot;,&quot;picto&quot;:null,&quot;level&quot;:4,&quot;sellerId&quot;:null,&quot;slug&quot;:&quot;poudres&quot;,&quot;selected&quot;:false,&quot;children&quot;:null,&quot;layers&quot;:&quot;\/navigation\/2594\/layers&quot;,&quot;link&quot;:&quot;\/r\/entretien-et-nettoyage\/lessives-et-soin-du-linge\/lessives\/poudres&quot;},{&quot;name&quot;:&quot;Sp\u00e9cifiques&quot;,&quot;code&quot;:&quot;R15F02SF02SS04&quot;,&quot;id&quot;:&quot;2595&quot;,&quot;type&quot;:&quot;RAYON&quot;,&quot;picto&quot;:null,&quot;level&quot;:4,&quot;sellerId&quot;:null,&quot;slug&quot;:&quot;specifiques&quot;,&quot;selected&quot;:false,&quot;children&quot;:null,&quot;layers&quot;:&quot;\/navigation\/2595\/layers&quot;,&quot;link&quot;:&quot;\/r\/entretien-et-nettoyage\/lessives-et-soin-du-linge\/lessives\/specifiques&quot;}],&quot;layers&quot;:&quot;\/navigation\/2591\/layers&quot;,&quot;link&quot;:&quot;\/r\/entretien-et-nettoyage\/lessives-et-soin-du-linge\/lessives&quot;},{&quot;name&quot;:&quot;Adoucissants&quot;,&quot;code&quot;:&quot;R15F02SF03&quot;,&quot;id&quot;:&quot;2596&quot;,&quot;type&quot;:&quot;RAYON&quot;,&quot;picto&quot;:null,&quot;level&quot;:3,&quot;sellerId&quot;:null,&quot;slug&quot;:&quot;adoucissants&quot;,&quot;selected&quot;:false,&quot;children&quot;:null,&quot;layers&quot;:&quot;\/navigation\/2596\/layers&quot;,&quot;link&quot;:&quot;\/r\/entretien-et-nettoyage\/lessives-et-soin-du-linge\/adoucissants&quot;}],&quot;layers&quot;:&quot;\/navigation\/2590\/layers&quot;,&quot;link&quot;:&quot;\/r\/entretien-et-nettoyage\/lessives-et-soin-du-linge&quot;},{&quot;name&quot;:&quot;Produits nettoyants&quot;,&quot;code&quot;:&quot;R15F03&quot;,&quot;id&quot;:&quot;2603&quot;,&quot;type&quot;:&quot;RAYON&quot;,&quot;picto&quot;:&quot;https:\/\/media.carrefour.fr\/medias\/c58df76611f130a7a4833d2c1a26a98a\/p_96x96\/2603.jpg&quot;,&quot;level&quot;:2,&quot;sellerId&quot;:null,&quot;slug&quot;:&quot;produits-nettoyants&quot;,&quot;selected&quot;:false,&quot;children&quot;:[{&quot;name&quot;:&quot;Multi-usages&quot;,&quot;code&quot;:&quot;R15F03SF01&quot;,&quot;id&quot;:&quot;2604&quot;,&quot;type&quot;:&quot;RAYON&quot;,&quot;picto&quot;:null,&quot;level&quot;:3,&quot;sellerId&quot;:null,&quot;slug&quot;:&quot;multi-usages&quot;,&quot;selected&quot;:false,&quot;children&quot;:null,&quot;layers&quot;:&quot;\/navigation\/2604\/layers&quot;,&quot;link&quot;:&quot;\/r\/entretien-et-nettoyage\/produits-nettoyants\/multi-usages&quot;},{&quot;name&quot;:&quot;Lingettes et Plumeaux&quot;,&quot;code&quot;:&quot;R15F03SF02&quot;,&quot;id&quot;:&quot;2605&quot;,&quot;type&quot;:&quot;RAYON&quot;,&quot;picto&quot;:null,&quot;level&quot;:3,&quot;sellerId&quot;:null,&quot;slug&quot;:&quot;lingettes-et-plumeaux&quot;,&quot;selected&quot;:false,&quot;children&quot;:null,&quot;layers&quot;:&quot;\/navigation\/2605\/layers&quot;,&quot;link&quot;:&quot;\/r\/entretien-et-nettoyage\/produits-nettoyants\/lingettes-et-plumeaux&quot;},{&quot;name&quot;:&quot;Cuisine et Salle de bain&quot;,&quot;code&quot;:&quot;R15F03SF03&quot;,&quot;id&quot;:&quot;2606&quot;,&quot;type&quot;:&quot;RAYON&quot;,&quot;picto&quot;:null,&quot;level&quot;:3,&quot;sellerId&quot;:null,&quot;slug&quot;:&quot;cuisine-et-salle-de-bain&quot;,&quot;selected&quot;:false,&quot;children&quot;:null,&quot;layers&quot;:&quot;\/navigation\/2606\/layers&quot;,&quot;link&quot;:&quot;\/r\/entretien-et-nettoyage\/produits-nettoyants\/cuisine-et-salle-de-bain&quot;},{&quot;name&quot;:&quot;Produits WC et Eaux de Javel&quot;,&quot;code&quot;:&quot;R15F03SF04&quot;,&quot;id&quot;:&quot;2607&quot;,&quot;type&quot;:&quot;RAYON&quot;,&quot;picto&quot;:null,&quot;level&quot;:3,&quot;sellerId&quot;:null,&quot;slug&quot;:&quot;produits-wc-et-eaux-de-javel&quot;,&quot;selected&quot;:false,&quot;children&quot;:null,&quot;layers&quot;:&quot;\/navigation\/2607\/layers&quot;,&quot;link&quot;:&quot;\/r\/entretien-et-nettoyage\/produits-nettoyants\/produits-wc-et-eaux-de-javel&quot;},{&quot;name&quot;:&quot;Vitres et Meubles&quot;,&quot;code&quot;:&quot;R15F03SF05&quot;,&quot;id&quot;:&quot;2608&quot;,&quot;type&quot;:&quot;RAYON&quot;,&quot;picto&quot;:null,&quot;level&quot;:3,&quot;sellerId&quot;:null,&quot;slug&quot;:&quot;vitres-et-meubles&quot;,&quot;selected&quot;:false,&quot;children&quot;:null,&quot;layers&quot;:&quot;\/navigation\/2608\/layers&quot;,&quot;link&quot;:&quot;\/r\/entretien-et-nettoyage\/produits-nettoyants\/vitres-et-meubles&quot;},{&quot;name&quot;:&quot;Sols&quot;,&quot;code&quot;:&quot;R15F03SF06&quot;,&quot;id&quot;:&quot;2609&quot;,&quot;type&quot;:&quot;RAYON&quot;,&quot;picto&quot;:null,&quot;level&quot;:3,&quot;sellerId&quot;:null,&quot;slug&quot;:&quot;sols&quot;,&quot;selected&quot;:false,&quot;children&quot;:null,&quot;layers&quot;:&quot;\/navigation\/2609\/layers&quot;,&quot;link&quot;:&quot;\/r\/entretien-et-nettoyage\/produits-nettoyants\/sols&quot;},{&quot;name&quot;:&quot;D\u00e9boucheurs&quot;,&quot;code&quot;:&quot;R15F03SF07&quot;,&quot;id&quot;:&quot;2610&quot;,&quot;type&quot;:&quot;RAYON&quot;,&quot;picto&quot;:null,&quot;level&quot;:3,&quot;sellerId&quot;:null,&quot;slug&quot;:&quot;deboucheurs&quot;,&quot;selected&quot;:false,&quot;children&quot;:null,&quot;layers&quot;:&quot;\/navigation\/2610\/layers&quot;,&quot;link&quot;:&quot;\/r\/entretien-et-nettoyage\/produits-nettoyants\/deboucheurs&quot;}],&quot;layers&quot;:&quot;\/navigation\/2603\/layers&quot;,&quot;link&quot;:&quot;\/r\/entretien-et-nettoyage\/produits-nettoyants&quot;},{&quot;name&quot;:&quot;Nettoyants vaisselle&quot;,&quot;code&quot;:&quot;R15F04&quot;,&quot;id&quot;:&quot;2611&quot;,&quot;type&quot;:&quot;RAYON&quot;,&quot;picto&quot;:&quot;https:\/\/media.carrefour.fr\/medias\/7f43c69ca87e3da78cbe1413a1b61902\/p_96x96\/2611.jpg&quot;,&quot;level&quot;:2,&quot;sellerId&quot;:null,&quot;slug&quot;:&quot;nettoyants-vaisselle&quot;,&quot;selected&quot;:false,&quot;children&quot;:[{&quot;name&quot;:&quot;Tablettes et Gels de lavage&quot;,&quot;code&quot;:&quot;R15F04SF01&quot;,&quot;id&quot;:&quot;2612&quot;,&quot;type&quot;:&quot;RAYON&quot;,&quot;picto&quot;:null,&quot;level&quot;:3,&quot;sellerId&quot;:null,&quot;slug&quot;:&quot;tablettes-et-gels-de-lavage&quot;,&quot;selected&quot;:false,&quot;children&quot;:null,&quot;layers&quot;:&quot;\/navigation\/2612\/layers&quot;,&quot;link&quot;:&quot;\/r\/entretien-et-nettoyage\/nettoyants-vaisselle\/tablettes-et-gels-de-lavage&quot;},{&quot;name&quot;:&quot;Liquides vaisselle&quot;,&quot;code&quot;:&quot;R15F04SF02&quot;,&quot;id&quot;:&quot;2613&quot;,&quot;type&quot;:&quot;RAYON&quot;,&quot;picto&quot;:null,&quot;level&quot;:3,&quot;sellerId&quot;:null,&quot;slug&quot;:&quot;liquides-vaisselle&quot;,&quot;selected&quot;:false,&quot;children&quot;:null,&quot;layers&quot;:&quot;\/navigation\/2613\/layers&quot;,&quot;link&quot;:&quot;\/r\/entretien-et-nettoyage\/nettoyants-vaisselle\/liquides-vaisselle&quot;},{&quot;name&quot;:&quot;Eponges&quot;,&quot;code&quot;:&quot;R15F04SF03&quot;,&quot;id&quot;:&quot;2614&quot;,&quot;type&quot;:&quot;RAYON&quot;,&quot;picto&quot;:null,&quot;level&quot;:3,&quot;sellerId&quot;:null,&quot;slug&quot;:&quot;eponges&quot;,&quot;selected&quot;:false,&quot;children&quot;:null,&quot;layers&quot;:&quot;\/navigation\/2614\/layers&quot;,&quot;link&quot;:&quot;\/r\/entretien-et-nettoyage\/nettoyants-vaisselle\/eponges&quot;},{&quot;name&quot;:&quot;Entretien lave-vaisselle&quot;,&quot;code&quot;:&quot;R15F04SF04&quot;,&quot;id&quot;:&quot;2615&quot;,&quot;type&quot;:&quot;RAYON&quot;,&quot;picto&quot;:null,&quot;level&quot;:3,&quot;sellerId&quot;:null,&quot;slug&quot;:&quot;entretien-lave-vaisselle&quot;,&quot;selected&quot;:false,&quot;children&quot;:null,&quot;layers&quot;:&quot;\/navigation\/2615\/layers&quot;,&quot;link&quot;:&quot;\/r\/entretien-et-nettoyage\/nettoyants-vaisselle\/entretien-lave-vaisselle&quot;}],&quot;layers&quot;:&quot;\/navigation\/2611\/layers&quot;,&quot;link&quot;:&quot;\/r\/entretien-et-nettoyage\/nettoyants-vaisselle&quot;},{&quot;name&quot;:&quot;Essuie-tout, Papier toilette et Mouchoirs&quot;,&quot;code&quot;:&quot;R15F05&quot;,&quot;id&quot;:&quot;2616&quot;,&quot;type&quot;:&quot;RAYON&quot;,&quot;picto&quot;:&quot;https:\/\/media.carrefour.fr\/medias\/981ad72375ae3225b61664470865ad1c\/p_96x96\/2616.jpg&quot;,&quot;level&quot;:2,&quot;sellerId&quot;:null,&quot;slug&quot;:&quot;essuie-tout-papier-toilette-et-mouchoirs&quot;,&quot;selected&quot;:false,&quot;children&quot;:[{&quot;name&quot;:&quot;Papier WC&quot;,&quot;code&quot;:&quot;R15F05SF01&quot;,&quot;id&quot;:&quot;2617&quot;,&quot;type&quot;:&quot;RAYON&quot;,&quot;picto&quot;:null,&quot;level&quot;:3,&quot;sellerId&quot;:null,&quot;slug&quot;:&quot;papier-wc&quot;,&quot;selected&quot;:false,&quot;children&quot;:null,&quot;layers&quot;:&quot;\/navigation\/2617\/layers&quot;,&quot;link&quot;:&quot;\/r\/entretien-et-nettoyage\/essuie-tout-papier-toilette-et-mouchoirs\/papier-wc&quot;},{&quot;name&quot;:&quot;Essuie-tout&quot;,&quot;code&quot;:&quot;R15F05SF02&quot;,&quot;id&quot;:&quot;2618&quot;,&quot;type&quot;:&quot;RAYON&quot;,&quot;picto&quot;:null,&quot;level&quot;:3,&quot;sellerId&quot;:null,&quot;slug&quot;:&quot;essuie-tout&quot;,&quot;selected&quot;:false,&quot;children&quot;:null,&quot;layers&quot;:&quot;\/navigation\/2618\/layers&quot;,&quot;link&quot;:&quot;\/r\/entretien-et-nettoyage\/essuie-tout-papier-toilette-et-mouchoirs\/essuie-tout&quot;},{&quot;name&quot;:&quot;Mouchoirs&quot;,&quot;code&quot;:&quot;R15F05SF03&quot;,&quot;id&quot;:&quot;2619&quot;,&quot;type&quot;:&quot;RAYON&quot;,&quot;picto&quot;:null,&quot;level&quot;:3,&quot;sellerId&quot;:null,&quot;slug&quot;:&quot;mouchoirs&quot;,&quot;selected&quot;:false,&quot;children&quot;:null,&quot;layers&quot;:&quot;\/navigation\/2619\/layers&quot;,&quot;link&quot;:&quot;\/r\/entretien-et-nettoyage\/essuie-tout-papier-toilette-et-mouchoirs\/mouchoirs&quot;}],&quot;layers&quot;:&quot;\/navigation\/2616\/layers&quot;,&quot;link&quot;:&quot;\/r\/entretien-et-nettoyage\/essuie-tout-papier-toilette-et-mouchoirs&quot;},{&quot;name&quot;:&quot;D\u00e9sodorisants&quot;,&quot;code&quot;:&quot;R15F06&quot;,&quot;id&quot;:&quot;2620&quot;,&quot;type&quot;:&quot;RAYON&quot;,&quot;picto&quot;:&quot;https:\/\/media.carrefour.fr\/medias\/463f90f3e88738af84713abbc010e99c\/p_96x96\/2620.jpg&quot;,&quot;level&quot;:2,&quot;sellerId&quot;:null,&quot;slug&quot;:&quot;desodorisants&quot;,&quot;selected&quot;:false,&quot;children&quot;:null,&quot;layers&quot;:&quot;\/navigation\/2620\/layers&quot;,&quot;link&quot;:&quot;\/r\/entretien-et-nettoyage\/desodorisants&quot;},{&quot;name&quot;:&quot;Insecticides&quot;,&quot;code&quot;:&quot;R15F07&quot;,&quot;id&quot;:&quot;2621&quot;,&quot;type&quot;:&quot;RAYON&quot;,&quot;picto&quot;:&quot;https:\/\/media.carrefour.fr\/medias\/80a0194ef91e3522acc1f044fa476349\/p_96x96\/2621.jpg&quot;,&quot;level&quot;:2,&quot;sellerId&quot;:null,&quot;slug&quot;:&quot;insecticides&quot;,&quot;selected&quot;:false,&quot;children&quot;:null,&quot;layers&quot;:&quot;\/navigation\/2621\/layers&quot;,&quot;link&quot;:&quot;\/r\/entretien-et-nettoyage\/insecticides&quot;},{&quot;name&quot;:&quot;Accessoires de m\u00e9nage&quot;,&quot;code&quot;:&quot;R15F08&quot;,&quot;id&quot;:&quot;2622&quot;,&quot;type&quot;:&quot;RAYON&quot;,&quot;picto&quot;:&quot;https:\/\/media.carrefour.fr\/medias\/7f492f3406a9364eb755e9b5f88bedc3\/p_96x96\/2622.jpg&quot;,&quot;level&quot;:2,&quot;sellerId&quot;:null,&quot;slug&quot;:&quot;accessoires-de-menage&quot;,&quot;selected&quot;:false,&quot;children&quot;:[{&quot;name&quot;:&quot;Balais, Seaux et Serpill\u00e8res&quot;,&quot;code&quot;:&quot;R15F08SF01&quot;,&quot;id&quot;:&quot;2623&quot;,&quot;type&quot;:&quot;RAYON&quot;,&quot;picto&quot;:null,&quot;level&quot;:3,&quot;sellerId&quot;:null,&quot;slug&quot;:&quot;balais-seaux-serpilleres&quot;,&quot;selected&quot;:false,&quot;children&quot;:null,&quot;layers&quot;:&quot;\/navigation\/2623\/layers&quot;,&quot;link&quot;:&quot;\/r\/entretien-et-nettoyage\/accessoires-de-menage\/balais-seaux-serpilleres&quot;},{&quot;name&quot;:&quot;Gants&quot;,&quot;code&quot;:&quot;R15F08SF02&quot;,&quot;id&quot;:&quot;2624&quot;,&quot;type&quot;:&quot;RAYON&quot;,&quot;picto&quot;:null,&quot;level&quot;:3,&quot;sellerId&quot;:null,&quot;slug&quot;:&quot;gants&quot;,&quot;selected&quot;:false,&quot;children&quot;:null,&quot;layers&quot;:&quot;\/navigation\/2624\/layers&quot;,&quot;link&quot;:&quot;\/r\/entretien-et-nettoyage\/accessoires-de-menage\/gants&quot;},{&quot;name&quot;:&quot;Sacs aspirateur&quot;,&quot;code&quot;:&quot;R15F08SF03&quot;,&quot;id&quot;:&quot;2625&quot;,&quot;type&quot;:&quot;RAYON&quot;,&quot;picto&quot;:null,&quot;level&quot;:3,&quot;sellerId&quot;:null,&quot;slug&quot;:&quot;sacs-aspirateur&quot;,&quot;selected&quot;:false,&quot;children&quot;:null,&quot;layers&quot;:&quot;\/navigation\/2625\/layers&quot;,&quot;link&quot;:&quot;\/r\/entretien-et-nettoyage\/accessoires-de-menage\/sacs-aspirateur&quot;},{&quot;name&quot;:&quot;Sacs poubelle&quot;,&quot;code&quot;:&quot;R15F08SF04&quot;,&quot;id&quot;:&quot;2626&quot;,&quot;type&quot;:&quot;RAYON&quot;,&quot;picto&quot;:null,&quot;level&quot;:3,&quot;sellerId&quot;:null,&quot;slug&quot;:&quot;sacs-poubelle&quot;,&quot;selected&quot;:false,&quot;children&quot;:null,&quot;layers&quot;:&quot;\/navigation\/2626\/layers&quot;,&quot;link&quot;:&quot;\/r\/entretien-et-nettoyage\/accessoires-de-menage\/sacs-poubelle&quot;}],&quot;layers&quot;:&quot;\/navigation\/2622\/layers&quot;,&quot;link&quot;:&quot;\/r\/entretien-et-nettoyage\/accessoires-de-menage&quot;}],&quot;layers&quot;:&quot;\/navigation\/2589\/layers&quot;,&quot;link&quot;:&quot;\/r\/entretien-et-nettoyage&quot;},{&quot;name&quot;:&quot;Animaux&quot;,&quot;code&quot;:&quot;R16&quot;,&quot;id&quot;:&quot;2627&quot;,&quot;type&quot;:&quot;RAYON&quot;,&quot;picto&quot;:&quot;https:\/\/media.carrefour.fr\/medias\/bdddf56ce03e39c0b46a4e471b82d9ec\/p_96x96\/2627.jpg&quot;,&quot;level&quot;:1,&quot;sellerId&quot;:null,&quot;slug&quot;:&quot;animaux&quot;,&quot;selected&quot;:false,&quot;children&quot;:[{&quot;name&quot;:&quot;Chats&quot;,&quot;code&quot;:&quot;R16F02&quot;,&quot;id&quot;:&quot;2628&quot;,&quot;type&quot;:&quot;RAYON&quot;,&quot;picto&quot;:&quot;https:\/\/media.carrefour.fr\/medias\/1315956b8fa23940b9f27dc576e255c1\/p_96x96\/2628.jpg&quot;,&quot;level&quot;:2,&quot;sellerId&quot;:null,&quot;slug&quot;:&quot;chats&quot;,&quot;selected&quot;:false,&quot;children&quot;:[{&quot;name&quot;:&quot;Sachets repas&quot;,&quot;code&quot;:&quot;R16F02SF01&quot;,&quot;id&quot;:&quot;2629&quot;,&quot;type&quot;:&quot;RAYON&quot;,&quot;picto&quot;:null,&quot;level&quot;:3,&quot;sellerId&quot;:null,&quot;slug&quot;:&quot;sachets-repas&quot;,&quot;selected&quot;:false,&quot;children&quot;:null,&quot;layers&quot;:&quot;\/navigation\/2629\/layers&quot;,&quot;link&quot;:&quot;\/r\/animaux\/chats\/sachets-repas&quot;},{&quot;name&quot;:&quot;Bo\u00eetes et barquettes chats&quot;,&quot;code&quot;:&quot;R16F02SF02&quot;,&quot;id&quot;:&quot;2630&quot;,&quot;type&quot;:&quot;RAYON&quot;,&quot;picto&quot;:null,&quot;level&quot;:3,&quot;sellerId&quot;:null,&quot;slug&quot;:&quot;boites-et-barquettes-chats&quot;,&quot;selected&quot;:false,&quot;children&quot;:null,&quot;layers&quot;:&quot;\/navigation\/2630\/layers&quot;,&quot;link&quot;:&quot;\/r\/animaux\/chats\/boites-et-barquettes-chats&quot;},{&quot;name&quot;:&quot;Croquettes chats&quot;,&quot;code&quot;:&quot;R16F02SF03&quot;,&quot;id&quot;:&quot;2631&quot;,&quot;type&quot;:&quot;RAYON&quot;,&quot;picto&quot;:null,&quot;level&quot;:3,&quot;sellerId&quot;:null,&quot;slug&quot;:&quot;croquettes-chats&quot;,&quot;selected&quot;:false,&quot;children&quot;:null,&quot;layers&quot;:&quot;\/navigation\/2631\/layers&quot;,&quot;link&quot;:&quot;\/r\/animaux\/chats\/croquettes-chats&quot;},{&quot;name&quot;:&quot;Friandises et laits&quot;,&quot;code&quot;:&quot;R16F02SF04&quot;,&quot;id&quot;:&quot;2632&quot;,&quot;type&quot;:&quot;RAYON&quot;,&quot;picto&quot;:null,&quot;level&quot;:3,&quot;sellerId&quot;:null,&quot;slug&quot;:&quot;friandises-et-laits&quot;,&quot;selected&quot;:false,&quot;children&quot;:null,&quot;layers&quot;:&quot;\/navigation\/2632\/layers&quot;,&quot;link&quot;:&quot;\/r\/animaux\/chats\/friandises-et-laits&quot;},{&quot;name&quot;:&quot;Liti\u00e8re et accessoires&quot;,&quot;code&quot;:&quot;R16F02SF05&quot;,&quot;id&quot;:&quot;2633&quot;,&quot;type&quot;:&quot;RAYON&quot;,&quot;picto&quot;:null,&quot;level&quot;:3,&quot;sellerId&quot;:null,&quot;slug&quot;:&quot;litiere-et-accessoires&quot;,&quot;selected&quot;:false,&quot;children&quot;:null,&quot;layers&quot;:&quot;\/navigation\/2633\/layers&quot;,&quot;link&quot;:&quot;\/r\/animaux\/chats\/litiere-et-accessoires&quot;}],&quot;layers&quot;:&quot;\/navigation\/2628\/layers&quot;,&quot;link&quot;:&quot;\/r\/animaux\/chats&quot;},{&quot;name&quot;:&quot;Chiens&quot;,&quot;code&quot;:&quot;R16F03&quot;,&quot;id&quot;:&quot;2634&quot;,&quot;type&quot;:&quot;RAYON&quot;,&quot;picto&quot;:&quot;https:\/\/media.carrefour.fr\/medias\/322f9bdc092432c1870b533ea9c7b6ad\/p_96x96\/2634.jpg&quot;,&quot;level&quot;:2,&quot;sellerId&quot;:null,&quot;slug&quot;:&quot;chiens&quot;,&quot;selected&quot;:false,&quot;children&quot;:[{&quot;name&quot;:&quot;R\u00e9compenses et hygi\u00e8ne dentaire&quot;,&quot;code&quot;:&quot;R16F03SF01&quot;,&quot;id&quot;:&quot;2635&quot;,&quot;type&quot;:&quot;RAYON&quot;,&quot;picto&quot;:null,&quot;level&quot;:3,&quot;sellerId&quot;:null,&quot;slug&quot;:&quot;recompenses-et-hygiene-dentaire&quot;,&quot;selected&quot;:false,&quot;children&quot;:null,&quot;layers&quot;:&quot;\/navigation\/2635\/layers&quot;,&quot;link&quot;:&quot;\/r\/animaux\/chiens\/recompenses-et-hygiene-dentaire&quot;},{&quot;name&quot;:&quot;Bo\u00eetes et barquettes chiens&quot;,&quot;code&quot;:&quot;R16F03SF02&quot;,&quot;id&quot;:&quot;2636&quot;,&quot;type&quot;:&quot;RAYON&quot;,&quot;picto&quot;:null,&quot;level&quot;:3,&quot;sellerId&quot;:null,&quot;slug&quot;:&quot;boites-et-barquettes-chiens&quot;,&quot;selected&quot;:false,&quot;children&quot;:null,&quot;layers&quot;:&quot;\/navigation\/2636\/layers&quot;,&quot;link&quot;:&quot;\/r\/animaux\/chiens\/boites-et-barquettes-chiens&quot;},{&quot;name&quot;:&quot;Croquettes chiens&quot;,&quot;code&quot;:&quot;R16F03SF03&quot;,&quot;id&quot;:&quot;2637&quot;,&quot;type&quot;:&quot;RAYON&quot;,&quot;picto&quot;:null,&quot;level&quot;:3,&quot;sellerId&quot;:null,&quot;slug&quot;:&quot;croquettes-chiens&quot;,&quot;selected&quot;:false,&quot;children&quot;:null,&quot;layers&quot;:&quot;\/navigation\/2637\/layers&quot;,&quot;link&quot;:&quot;\/r\/animaux\/chiens\/croquettes-chiens&quot;},{&quot;name&quot;:&quot;Hygi\u00e8ne, soins et accessoires&quot;,&quot;code&quot;:&quot;R16F03SF04&quot;,&quot;id&quot;:&quot;2638&quot;,&quot;type&quot;:&quot;RAYON&quot;,&quot;picto&quot;:null,&quot;level&quot;:3,&quot;sellerId&quot;:null,&quot;slug&quot;:&quot;hygiene-soins-et-accessoires&quot;,&quot;selected&quot;:false,&quot;children&quot;:null,&quot;layers&quot;:&quot;\/navigation\/2638\/layers&quot;,&quot;link&quot;:&quot;\/r\/animaux\/chiens\/hygiene-soins-et-accessoires&quot;}],&quot;layers&quot;:&quot;\/navigation\/2634\/layers&quot;,&quot;link&quot;:&quot;\/r\/animaux\/chiens&quot;},{&quot;name&quot;:&quot;Autres animaux&quot;,&quot;code&quot;:&quot;R16F04&quot;,&quot;id&quot;:&quot;2639&quot;,&quot;type&quot;:&quot;RAYON&quot;,&quot;picto&quot;:&quot;https:\/\/media.carrefour.fr\/medias\/10282e5b9fcc347487b4f1f4e5dd8473\/p_96x96\/2639.jpg&quot;,&quot;level&quot;:2,&quot;sellerId&quot;:null,&quot;slug&quot;:&quot;autres-animaux&quot;,&quot;selected&quot;:false,&quot;children&quot;:[{&quot;name&quot;:&quot;Oiseaux et poules&quot;,&quot;code&quot;:&quot;R16F04SF01&quot;,&quot;id&quot;:&quot;2640&quot;,&quot;type&quot;:&quot;RAYON&quot;,&quot;picto&quot;:null,&quot;level&quot;:3,&quot;sellerId&quot;:null,&quot;slug&quot;:&quot;oiseaux-et-poules&quot;,&quot;selected&quot;:false,&quot;children&quot;:null,&quot;layers&quot;:&quot;\/navigation\/2640\/layers&quot;,&quot;link&quot;:&quot;\/r\/animaux\/autres-animaux\/oiseaux-et-poules&quot;},{&quot;name&quot;:&quot;Poissons, rongeurs et autres&quot;,&quot;code&quot;:&quot;R16F04SF02&quot;,&quot;id&quot;:&quot;2641&quot;,&quot;type&quot;:&quot;RAYON&quot;,&quot;picto&quot;:null,&quot;level&quot;:3,&quot;sellerId&quot;:null,&quot;slug&quot;:&quot;poissons-rongeurs-et-autres&quot;,&quot;selected&quot;:false,&quot;children&quot;:null,&quot;layers&quot;:&quot;\/navigation\/2641\/layers&quot;,&quot;link&quot;:&quot;\/r\/animaux\/autres-animaux\/poissons-rongeurs-et-autres&quot;}],&quot;layers&quot;:&quot;\/navigation\/2639\/layers&quot;,&quot;link&quot;:&quot;\/r\/animaux\/autres-animaux&quot;}],&quot;layers&quot;:&quot;\/navigation\/2627\/layers&quot;,&quot;link&quot;:&quot;\/r\/animaux&quot;},{&quot;name&quot;:&quot;Electrom\u00e9nager&quot;,&quot;code&quot;:&quot;R17&quot;,&quot;id&quot;:&quot;26016&quot;,&quot;type&quot;:&quot;RAYON&quot;,&quot;picto&quot;:&quot;https:\/\/media.carrefour.fr\/medias\/c17c67e5f52932fe934e3d7d3dc42e33\/p_96x96\/26016.jpg&quot;,&quot;level&quot;:1,&quot;sellerId&quot;:null,&quot;slug&quot;:&quot;electromenager&quot;,&quot;selected&quot;:false,&quot;children&quot;:[{&quot;name&quot;:&quot;Soin du linge&quot;,&quot;code&quot;:&quot;R17F01&quot;,&quot;id&quot;:&quot;26032&quot;,&quot;type&quot;:&quot;RAYON&quot;,&quot;picto&quot;:null,&quot;level&quot;:2,&quot;sellerId&quot;:null,&quot;slug&quot;:&quot;soin-linge&quot;,&quot;selected&quot;:false,&quot;children&quot;:[{&quot;name&quot;:&quot;Fers \u00e0 repasser&quot;,&quot;code&quot;:&quot;R17F01SF01&quot;,&quot;id&quot;:&quot;26205&quot;,&quot;type&quot;:&quot;RAYON&quot;,&quot;picto&quot;:null,&quot;level&quot;:3,&quot;sellerId&quot;:null,&quot;slug&quot;:&quot;fers-a-repasser&quot;,&quot;selected&quot;:false,&quot;children&quot;:null,&quot;layers&quot;:&quot;\/navigation\/26205\/layers&quot;,&quot;link&quot;:&quot;\/r\/electromenager\/soin-linge\/fers-a-repasser&quot;},{&quot;name&quot;:&quot;Centrales vapeur&quot;,&quot;code&quot;:&quot;R17F01SF02&quot;,&quot;id&quot;:&quot;26206&quot;,&quot;type&quot;:&quot;RAYON&quot;,&quot;picto&quot;:null,&quot;level&quot;:3,&quot;sellerId&quot;:null,&quot;slug&quot;:&quot;centrales-vapeur&quot;,&quot;selected&quot;:false,&quot;children&quot;:null,&quot;layers&quot;:&quot;\/navigation\/26206\/layers&quot;,&quot;link&quot;:&quot;\/r\/electromenager\/soin-linge\/centrales-vapeur&quot;},{&quot;name&quot;:&quot;D\u00e9froisseurs&quot;,&quot;code&quot;:&quot;R17F01SF03&quot;,&quot;id&quot;:&quot;26208&quot;,&quot;type&quot;:&quot;RAYON&quot;,&quot;picto&quot;:null,&quot;level&quot;:3,&quot;sellerId&quot;:null,&quot;slug&quot;:&quot;defroisseurs&quot;,&quot;selected&quot;:false,&quot;children&quot;:null,&quot;layers&quot;:&quot;\/navigation\/26208\/layers&quot;,&quot;link&quot;:&quot;\/r\/electromenager\/soin-linge\/defroisseurs&quot;},{&quot;name&quot;:&quot;Machines \u00e0 coudre&quot;,&quot;code&quot;:&quot;R17F01SF04&quot;,&quot;id&quot;:&quot;26210&quot;,&quot;type&quot;:&quot;RAYON&quot;,&quot;picto&quot;:null,&quot;level&quot;:3,&quot;sellerId&quot;:null,&quot;slug&quot;:&quot;machines-a-coudre&quot;,&quot;selected&quot;:false,&quot;children&quot;:null,&quot;layers&quot;:&quot;\/navigation\/26210\/layers&quot;,&quot;link&quot;:&quot;\/r\/electromenager\/soin-linge\/machines-a-coudre&quot;}],&quot;layers&quot;:&quot;\/navigation\/26032\/layers&quot;,&quot;link&quot;:&quot;\/r\/electromenager\/soin-linge&quot;},{&quot;name&quot;:&quot;Cuisson et Robots&quot;,&quot;code&quot;:&quot;R17F02&quot;,&quot;id&quot;:&quot;26027&quot;,&quot;type&quot;:&quot;RAYON&quot;,&quot;picto&quot;:null,&quot;level&quot;:2,&quot;sellerId&quot;:null,&quot;slug&quot;:&quot;cuisson-robot&quot;,&quot;selected&quot;:false,&quot;children&quot;:[{&quot;name&quot;:&quot;Cuisson conviviale&quot;,&quot;code&quot;:&quot;R17F02SF01&quot;,&quot;id&quot;:&quot;26169&quot;,&quot;type&quot;:&quot;RAYON&quot;,&quot;picto&quot;:null,&quot;level&quot;:3,&quot;sellerId&quot;:null,&quot;slug&quot;:&quot;cuisson-conviviale&quot;,&quot;selected&quot;:false,&quot;children&quot;:[{&quot;name&quot;:&quot;Appareils \u00e0 raclette&quot;,&quot;code&quot;:&quot;R17F02SF01SS01&quot;,&quot;id&quot;:&quot;26439&quot;,&quot;type&quot;:&quot;RAYON&quot;,&quot;picto&quot;:null,&quot;level&quot;:4,&quot;sellerId&quot;:null,&quot;slug&quot;:&quot;appareils-a-raclette&quot;,&quot;selected&quot;:false,&quot;children&quot;:null,&quot;layers&quot;:&quot;\/navigation\/26439\/layers&quot;,&quot;link&quot;:&quot;\/r\/electromenager\/cuisson-robot\/cuisson-conviviale\/appareils-a-raclette&quot;},{&quot;name&quot;:&quot;Appareils \u00e0 fondue&quot;,&quot;code&quot;:&quot;R17F02SF01SS02&quot;,&quot;id&quot;:&quot;26440&quot;,&quot;type&quot;:&quot;RAYON&quot;,&quot;picto&quot;:null,&quot;level&quot;:4,&quot;sellerId&quot;:null,&quot;slug&quot;:&quot;appareils-a-fondue&quot;,&quot;selected&quot;:false,&quot;children&quot;:null,&quot;layers&quot;:&quot;\/navigation\/26440\/layers&quot;,&quot;link&quot;:&quot;\/r\/electromenager\/cuisson-robot\/cuisson-conviviale\/appareils-a-fondue&quot;},{&quot;name&quot;:&quot;Cr\u00e9pi\u00e8res&quot;,&quot;code&quot;:&quot;R17F02SF01SS03&quot;,&quot;id&quot;:&quot;26441&quot;,&quot;type&quot;:&quot;RAYON&quot;,&quot;picto&quot;:null,&quot;level&quot;:4,&quot;sellerId&quot;:null,&quot;slug&quot;:&quot;crepieres&quot;,&quot;selected&quot;:false,&quot;children&quot;:null,&quot;layers&quot;:&quot;\/navigation\/26441\/layers&quot;,&quot;link&quot;:&quot;\/r\/electromenager\/cuisson-robot\/cuisson-conviviale\/crepieres&quot;},{&quot;name&quot;:&quot;Gaufriers&quot;,&quot;code&quot;:&quot;R17F02SF01SS04&quot;,&quot;id&quot;:&quot;26443&quot;,&quot;type&quot;:&quot;RAYON&quot;,&quot;picto&quot;:null,&quot;level&quot;:4,&quot;sellerId&quot;:null,&quot;slug&quot;:&quot;gaufriers&quot;,&quot;selected&quot;:false,&quot;children&quot;:null,&quot;layers&quot;:&quot;\/navigation\/26443\/layers&quot;,&quot;link&quot;:&quot;\/r\/electromenager\/cuisson-robot\/cuisson-conviviale\/gaufriers&quot;},{&quot;name&quot;:&quot;Planchas&quot;,&quot;code&quot;:&quot;R17F02SF01SS05&quot;,&quot;id&quot;:&quot;26444&quot;,&quot;type&quot;:&quot;RAYON&quot;,&quot;picto&quot;:null,&quot;level&quot;:4,&quot;sellerId&quot;:null,&quot;slug&quot;:&quot;planchas&quot;,&quot;selected&quot;:false,&quot;children&quot;:null,&quot;layers&quot;:&quot;\/navigation\/26444\/layers&quot;,&quot;link&quot;:&quot;\/r\/electromenager\/cuisson-robot\/cuisson-conviviale\/planchas&quot;},{&quot;name&quot;:&quot;Sorbeti\u00e8res, Yaourti\u00e8res&quot;,&quot;code&quot;:&quot;R17F02SF01SS06&quot;,&quot;id&quot;:&quot;26890&quot;,&quot;type&quot;:&quot;RAYON&quot;,&quot;picto&quot;:null,&quot;level&quot;:4,&quot;sellerId&quot;:null,&quot;slug&quot;:&quot;sorbetieres-yaourtieres&quot;,&quot;selected&quot;:false,&quot;children&quot;:null,&quot;layers&quot;:&quot;\/navigation\/26890\/layers&quot;,&quot;link&quot;:&quot;\/r\/electromenager\/cuisson-robot\/cuisson-conviviale\/sorbetieres-yaourtieres&quot;},{&quot;name&quot;:&quot;Autres Appareils&quot;,&quot;code&quot;:&quot;R17F02SF01SS07&quot;,&quot;id&quot;:&quot;26896&quot;,&quot;type&quot;:&quot;RAYON&quot;,&quot;picto&quot;:null,&quot;level&quot;:4,&quot;sellerId&quot;:null,&quot;slug&quot;:&quot;autres-appareils&quot;,&quot;selected&quot;:false,&quot;children&quot;:null,&quot;layers&quot;:&quot;\/navigation\/26896\/layers&quot;,&quot;link&quot;:&quot;\/r\/electromenager\/cuisson-robot\/cuisson-conviviale\/autres-appareils&quot;}],&quot;layers&quot;:&quot;\/navigation\/26169\/layers&quot;,&quot;link&quot;:&quot;\/r\/electromenager\/cuisson-robot\/cuisson-conviviale&quot;},{&quot;name&quot;:&quot;Robots de cuisine&quot;,&quot;code&quot;:&quot;R17F02SF02&quot;,&quot;id&quot;:&quot;26164&quot;,&quot;type&quot;:&quot;RAYON&quot;,&quot;picto&quot;:null,&quot;level&quot;:3,&quot;sellerId&quot;:null,&quot;slug&quot;:&quot;robots-cuisine&quot;,&quot;selected&quot;:false,&quot;children&quot;:[{&quot;name&quot;:&quot;Robots p\u00e2tissier&quot;,&quot;code&quot;:&quot;R17F02SF02SS01&quot;,&quot;id&quot;:&quot;26429&quot;,&quot;type&quot;:&quot;RAYON&quot;,&quot;picto&quot;:null,&quot;level&quot;:4,&quot;sellerId&quot;:null,&quot;slug&quot;:&quot;robots-patissier&quot;,&quot;selected&quot;:false,&quot;children&quot;:null,&quot;layers&quot;:&quot;\/navigation\/26429\/layers&quot;,&quot;link&quot;:&quot;\/r\/electromenager\/cuisson-robot\/robots-cuisine\/robots-patissier&quot;},{&quot;name&quot;:&quot;Robots multifonction&quot;,&quot;code&quot;:&quot;R17F02SF02SS03&quot;,&quot;id&quot;:&quot;26431&quot;,&quot;type&quot;:&quot;RAYON&quot;,&quot;picto&quot;:null,&quot;level&quot;:4,&quot;sellerId&quot;:null,&quot;slug&quot;:&quot;robots-multifonction&quot;,&quot;selected&quot;:false,&quot;children&quot;:null,&quot;layers&quot;:&quot;\/navigation\/26431\/layers&quot;,&quot;link&quot;:&quot;\/r\/electromenager\/cuisson-robot\/robots-cuisine\/robots-multifonction&quot;},{&quot;name&quot;:&quot;Blenders&quot;,&quot;code&quot;:&quot;R17F02SF02SS04&quot;,&quot;id&quot;:&quot;26432&quot;,&quot;type&quot;:&quot;RAYON&quot;,&quot;picto&quot;:null,&quot;level&quot;:4,&quot;sellerId&quot;:null,&quot;slug&quot;:&quot;blenders&quot;,&quot;selected&quot;:false,&quot;children&quot;:null,&quot;layers&quot;:&quot;\/navigation\/26432\/layers&quot;,&quot;link&quot;:&quot;\/r\/electromenager\/cuisson-robot\/robots-cuisine\/blenders&quot;}],&quot;layers&quot;:&quot;\/navigation\/26164\/layers&quot;,&quot;link&quot;:&quot;\/r\/electromenager\/cuisson-robot\/robots-cuisine&quot;},{&quot;name&quot;:&quot;Cuiseurs et Multicuiseurs&quot;,&quot;code&quot;:&quot;R17F02SF03&quot;,&quot;id&quot;:&quot;26167&quot;,&quot;type&quot;:&quot;RAYON&quot;,&quot;picto&quot;:null,&quot;level&quot;:3,&quot;sellerId&quot;:null,&quot;slug&quot;:&quot;cuiseurs-multicuiseurs&quot;,&quot;selected&quot;:false,&quot;children&quot;:[{&quot;name&quot;:&quot;Cuiseurs \u00e0 vapeur&quot;,&quot;code&quot;:&quot;R17F02SF03SS01&quot;,&quot;id&quot;:&quot;26433&quot;,&quot;type&quot;:&quot;RAYON&quot;,&quot;picto&quot;:null,&quot;level&quot;:4,&quot;sellerId&quot;:null,&quot;slug&quot;:&quot;cuiseurs-a-vapeur&quot;,&quot;selected&quot;:false,&quot;children&quot;:null,&quot;layers&quot;:&quot;\/navigation\/26433\/layers&quot;,&quot;link&quot;:&quot;\/r\/electromenager\/cuisson-robot\/cuiseurs-multicuiseurs\/cuiseurs-a-vapeur&quot;},{&quot;name&quot;:&quot;Cuiseurs \u00e0 riz&quot;,&quot;code&quot;:&quot;R17F02SF03SS02&quot;,&quot;id&quot;:&quot;26434&quot;,&quot;type&quot;:&quot;RAYON&quot;,&quot;picto&quot;:null,&quot;level&quot;:4,&quot;sellerId&quot;:null,&quot;slug&quot;:&quot;cuiseurs-a-riz&quot;,&quot;selected&quot;:false,&quot;children&quot;:null,&quot;layers&quot;:&quot;\/navigation\/26434\/layers&quot;,&quot;link&quot;:&quot;\/r\/electromenager\/cuisson-robot\/cuiseurs-multicuiseurs\/cuiseurs-a-riz&quot;},{&quot;name&quot;:&quot;Multicuiseurs et Mijoteurs&quot;,&quot;code&quot;:&quot;R17F02SF03SS03&quot;,&quot;id&quot;:&quot;26435&quot;,&quot;type&quot;:&quot;RAYON&quot;,&quot;picto&quot;:null,&quot;level&quot;:4,&quot;sellerId&quot;:null,&quot;slug&quot;:&quot;multicuiseurs-mijoteurs&quot;,&quot;selected&quot;:false,&quot;children&quot;:null,&quot;layers&quot;:&quot;\/navigation\/26435\/layers&quot;,&quot;link&quot;:&quot;\/r\/electromenager\/cuisson-robot\/cuiseurs-multicuiseurs\/multicuiseurs-mijoteurs&quot;},{&quot;name&quot;:&quot;Friteuses&quot;,&quot;code&quot;:&quot;R17F02SF03SS04&quot;,&quot;id&quot;:&quot;26436&quot;,&quot;type&quot;:&quot;RAYON&quot;,&quot;picto&quot;:null,&quot;level&quot;:4,&quot;sellerId&quot;:null,&quot;slug&quot;:&quot;friteuses&quot;,&quot;selected&quot;:false,&quot;children&quot;:null,&quot;layers&quot;:&quot;\/navigation\/26436\/layers&quot;,&quot;link&quot;:&quot;\/r\/electromenager\/cuisson-robot\/cuiseurs-multicuiseurs\/friteuses&quot;},{&quot;name&quot;:&quot;Autocuiseurs&quot;,&quot;code&quot;:&quot;R17F02SF03SS05&quot;,&quot;id&quot;:&quot;26437&quot;,&quot;type&quot;:&quot;RAYON&quot;,&quot;picto&quot;:null,&quot;level&quot;:4,&quot;sellerId&quot;:null,&quot;slug&quot;:&quot;autocuiseurs&quot;,&quot;selected&quot;:false,&quot;children&quot;:null,&quot;layers&quot;:&quot;\/navigation\/26437\/layers&quot;,&quot;link&quot;:&quot;\/r\/electromenager\/cuisson-robot\/cuiseurs-multicuiseurs\/autocuiseurs&quot;}],&quot;layers&quot;:&quot;\/navigation\/26167\/layers&quot;,&quot;link&quot;:&quot;\/r\/electromenager\/cuisson-robot\/cuiseurs-multicuiseurs&quot;},{&quot;name&quot;:&quot;Mixeurs&quot;,&quot;code&quot;:&quot;R17F02SF04&quot;,&quot;id&quot;:&quot;26171&quot;,&quot;type&quot;:&quot;RAYON&quot;,&quot;picto&quot;:null,&quot;level&quot;:3,&quot;sellerId&quot;:null,&quot;slug&quot;:&quot;mixeurs&quot;,&quot;selected&quot;:false,&quot;children&quot;:null,&quot;layers&quot;:&quot;\/navigation\/26171\/layers&quot;,&quot;link&quot;:&quot;\/r\/electromenager\/cuisson-robot\/mixeurs&quot;},{&quot;name&quot;:&quot;Batteurs&quot;,&quot;code&quot;:&quot;R17F02SF05&quot;,&quot;id&quot;:&quot;26173&quot;,&quot;type&quot;:&quot;RAYON&quot;,&quot;picto&quot;:null,&quot;level&quot;:3,&quot;sellerId&quot;:null,&quot;slug&quot;:&quot;batteurs&quot;,&quot;selected&quot;:false,&quot;children&quot;:null,&quot;layers&quot;:&quot;\/navigation\/26173\/layers&quot;,&quot;link&quot;:&quot;\/r\/electromenager\/cuisson-robot\/batteurs&quot;},{&quot;name&quot;:&quot;Micro-ondes&quot;,&quot;code&quot;:&quot;R17F02SF06&quot;,&quot;id&quot;:&quot;26159&quot;,&quot;type&quot;:&quot;RAYON&quot;,&quot;picto&quot;:null,&quot;level&quot;:3,&quot;sellerId&quot;:null,&quot;slug&quot;:&quot;micro-ondes&quot;,&quot;selected&quot;:false,&quot;children&quot;:[{&quot;name&quot;:&quot;Micro-ondes combin\u00e9s&quot;,&quot;code&quot;:&quot;R17F02SF06SS01&quot;,&quot;id&quot;:&quot;26422&quot;,&quot;type&quot;:&quot;RAYON&quot;,&quot;picto&quot;:null,&quot;level&quot;:4,&quot;sellerId&quot;:null,&quot;slug&quot;:&quot;micro-ondes-combines&quot;,&quot;selected&quot;:false,&quot;children&quot;:null,&quot;layers&quot;:&quot;\/navigation\/26422\/layers&quot;,&quot;link&quot;:&quot;\/r\/electromenager\/cuisson-robot\/micro-ondes\/micro-ondes-combines&quot;},{&quot;name&quot;:&quot;Micro-ondes grill&quot;,&quot;code&quot;:&quot;R17F02SF06SS02&quot;,&quot;id&quot;:&quot;26423&quot;,&quot;type&quot;:&quot;RAYON&quot;,&quot;picto&quot;:null,&quot;level&quot;:4,&quot;sellerId&quot;:null,&quot;slug&quot;:&quot;micro-ondes-grill&quot;,&quot;selected&quot;:false,&quot;children&quot;:null,&quot;layers&quot;:&quot;\/navigation\/26423\/layers&quot;,&quot;link&quot;:&quot;\/r\/electromenager\/cuisson-robot\/micro-ondes\/micro-ondes-grill&quot;}],&quot;layers&quot;:&quot;\/navigation\/26159\/layers&quot;,&quot;link&quot;:&quot;\/r\/electromenager\/cuisson-robot\/micro-ondes&quot;},{&quot;name&quot;:&quot;Fours&quot;,&quot;code&quot;:&quot;R17F02SF08&quot;,&quot;id&quot;:&quot;26158&quot;,&quot;type&quot;:&quot;RAYON&quot;,&quot;picto&quot;:null,&quot;level&quot;:3,&quot;sellerId&quot;:null,&quot;slug&quot;:&quot;fours&quot;,&quot;selected&quot;:false,&quot;children&quot;:[{&quot;name&quot;:&quot;Mini fours&quot;,&quot;code&quot;:&quot;R17F02SF08SS03&quot;,&quot;id&quot;:&quot;26421&quot;,&quot;type&quot;:&quot;RAYON&quot;,&quot;picto&quot;:null,&quot;level&quot;:4,&quot;sellerId&quot;:null,&quot;slug&quot;:&quot;mini-fours&quot;,&quot;selected&quot;:false,&quot;children&quot;:null,&quot;layers&quot;:&quot;\/navigation\/26421\/layers&quot;,&quot;link&quot;:&quot;\/r\/electromenager\/cuisson-robot\/fours\/mini-fours&quot;}],&quot;layers&quot;:&quot;\/navigation\/26158\/layers&quot;,&quot;link&quot;:&quot;\/r\/electromenager\/cuisson-robot\/fours&quot;},{&quot;name&quot;:&quot;Plaques de cuisson&quot;,&quot;code&quot;:&quot;R17F02SF09&quot;,&quot;id&quot;:&quot;26161&quot;,&quot;type&quot;:&quot;RAYON&quot;,&quot;picto&quot;:null,&quot;level&quot;:3,&quot;sellerId&quot;:null,&quot;slug&quot;:&quot;plaques-cuisson&quot;,&quot;selected&quot;:false,&quot;children&quot;:[{&quot;name&quot;:&quot;Plaques induction &quot;,&quot;code&quot;:&quot;R17F02SF09SS01&quot;,&quot;id&quot;:&quot;26425&quot;,&quot;type&quot;:&quot;RAYON&quot;,&quot;picto&quot;:null,&quot;level&quot;:4,&quot;sellerId&quot;:null,&quot;slug&quot;:&quot;plaque-induction&quot;,&quot;selected&quot;:false,&quot;children&quot;:null,&quot;layers&quot;:&quot;\/navigation\/26425\/layers&quot;,&quot;link&quot;:&quot;\/r\/electromenager\/cuisson-robot\/plaques-cuisson\/plaque-induction&quot;},{&quot;name&quot;:&quot;Plaques vitroc\u00e9ramique&quot;,&quot;code&quot;:&quot;R17F02SF09SS02&quot;,&quot;id&quot;:&quot;26426&quot;,&quot;type&quot;:&quot;RAYON&quot;,&quot;picto&quot;:null,&quot;level&quot;:4,&quot;sellerId&quot;:null,&quot;slug&quot;:&quot;plaques-vitroceramique&quot;,&quot;selected&quot;:false,&quot;children&quot;:null,&quot;layers&quot;:&quot;\/navigation\/26426\/layers&quot;,&quot;link&quot;:&quot;\/r\/electromenager\/cuisson-robot\/plaques-cuisson\/plaques-vitroceramique&quot;},{&quot;name&quot;:&quot;R\u00e9chauds et R\u00e9chauds gaz&quot;,&quot;code&quot;:&quot;R17F02SF09SS05&quot;,&quot;id&quot;:&quot;26865&quot;,&quot;type&quot;:&quot;RAYON&quot;,&quot;picto&quot;:null,&quot;level&quot;:4,&quot;sellerId&quot;:null,&quot;slug&quot;:&quot;rechauds&quot;,&quot;selected&quot;:false,&quot;children&quot;:null,&quot;layers&quot;:&quot;\/navigation\/26865\/layers&quot;,&quot;link&quot;:&quot;\/r\/electromenager\/cuisson-robot\/plaques-cuisson\/rechauds&quot;}],&quot;layers&quot;:&quot;\/navigation\/26161\/layers&quot;,&quot;link&quot;:&quot;\/r\/electromenager\/cuisson-robot\/plaques-cuisson&quot;},{&quot;name&quot;:&quot;Accessoires pour appareils de cuisson&quot;,&quot;code&quot;:&quot;R17F02SF11&quot;,&quot;id&quot;:&quot;26943&quot;,&quot;type&quot;:&quot;RAYON&quot;,&quot;picto&quot;:null,&quot;level&quot;:3,&quot;sellerId&quot;:null,&quot;slug&quot;:&quot;accessoires-appareils-de-cuisson&quot;,&quot;selected&quot;:false,&quot;children&quot;:null,&quot;layers&quot;:&quot;\/navigation\/26943\/layers&quot;,&quot;link&quot;:&quot;\/r\/electromenager\/cuisson-robot\/accessoires-appareils-de-cuisson&quot;}],&quot;layers&quot;:&quot;\/navigation\/26027\/layers&quot;,&quot;link&quot;:&quot;\/r\/electromenager\/cuisson-robot&quot;},{&quot;name&quot;:&quot;Chauffage et Climatisation&quot;,&quot;code&quot;:&quot;R17F03&quot;,&quot;id&quot;:&quot;26038&quot;,&quot;type&quot;:&quot;RAYON&quot;,&quot;picto&quot;:null,&quot;level&quot;:2,&quot;sellerId&quot;:null,&quot;slug&quot;:&quot;chauffage-climatisation&quot;,&quot;selected&quot;:false,&quot;children&quot;:[{&quot;name&quot;:&quot;Chauffage&quot;,&quot;code&quot;:&quot;R17F03SF01&quot;,&quot;id&quot;:&quot;26238&quot;,&quot;type&quot;:&quot;RAYON&quot;,&quot;picto&quot;:null,&quot;level&quot;:3,&quot;sellerId&quot;:null,&quot;slug&quot;:&quot;chauffage&quot;,&quot;selected&quot;:false,&quot;children&quot;:null,&quot;layers&quot;:&quot;\/navigation\/26238\/layers&quot;,&quot;link&quot;:&quot;\/r\/electromenager\/chauffage-climatisation\/chauffage&quot;},{&quot;name&quot;:&quot;Radiateurs&quot;,&quot;code&quot;:&quot;R17F03SF02&quot;,&quot;id&quot;:&quot;26246&quot;,&quot;type&quot;:&quot;RAYON&quot;,&quot;picto&quot;:null,&quot;level&quot;:3,&quot;sellerId&quot;:null,&quot;slug&quot;:&quot;radiateurs&quot;,&quot;selected&quot;:false,&quot;children&quot;:null,&quot;layers&quot;:&quot;\/navigation\/26246\/layers&quot;,&quot;link&quot;:&quot;\/r\/electromenager\/chauffage-climatisation\/radiateurs&quot;},{&quot;name&quot;:&quot;Po\u00eales \u00e0 bois et Chemin\u00e9es&quot;,&quot;code&quot;:&quot;R17F03SF03&quot;,&quot;id&quot;:&quot;26248&quot;,&quot;type&quot;:&quot;RAYON&quot;,&quot;picto&quot;:null,&quot;level&quot;:3,&quot;sellerId&quot;:null,&quot;slug&quot;:&quot;poeles-a-bois-cheminees&quot;,&quot;selected&quot;:false,&quot;children&quot;:null,&quot;layers&quot;:&quot;\/navigation\/26248\/layers&quot;,&quot;link&quot;:&quot;\/r\/electromenager\/chauffage-climatisation\/poeles-a-bois-cheminees&quot;},{&quot;name&quot;:&quot;Po\u00eales \u00e0 p\u00e9trole et gaz&quot;,&quot;code&quot;:&quot;R17F03SF04&quot;,&quot;id&quot;:&quot;26250&quot;,&quot;type&quot;:&quot;RAYON&quot;,&quot;picto&quot;:null,&quot;level&quot;:3,&quot;sellerId&quot;:null,&quot;slug&quot;:&quot;poeles-a-petrole-gaz&quot;,&quot;selected&quot;:false,&quot;children&quot;:null,&quot;layers&quot;:&quot;\/navigation\/26250\/layers&quot;,&quot;link&quot;:&quot;\/r\/electromenager\/chauffage-climatisation\/poeles-a-petrole-gaz&quot;},{&quot;name&quot;:&quot;Combustibles&quot;,&quot;code&quot;:&quot;R17F03SF06&quot;,&quot;id&quot;:&quot;26244&quot;,&quot;type&quot;:&quot;RAYON&quot;,&quot;picto&quot;:null,&quot;level&quot;:3,&quot;sellerId&quot;:null,&quot;slug&quot;:&quot;combustibles&quot;,&quot;selected&quot;:false,&quot;children&quot;:null,&quot;layers&quot;:&quot;\/navigation\/26244\/layers&quot;,&quot;link&quot;:&quot;\/r\/electromenager\/chauffage-climatisation\/combustibles&quot;},{&quot;name&quot;:&quot;Traitement de l&#039;air&quot;,&quot;code&quot;:&quot;R17F03SF07&quot;,&quot;id&quot;:&quot;26255&quot;,&quot;type&quot;:&quot;RAYON&quot;,&quot;picto&quot;:null,&quot;level&quot;:3,&quot;sellerId&quot;:null,&quot;slug&quot;:&quot;traitement-air&quot;,&quot;selected&quot;:false,&quot;children&quot;:null,&quot;layers&quot;:&quot;\/navigation\/26255\/layers&quot;,&quot;link&quot;:&quot;\/r\/electromenager\/chauffage-climatisation\/traitement-air&quot;},{&quot;name&quot;:&quot;Ventilateurs&quot;,&quot;code&quot;:&quot;R17F03SF08&quot;,&quot;id&quot;:&quot;26240&quot;,&quot;type&quot;:&quot;RAYON&quot;,&quot;picto&quot;:null,&quot;level&quot;:3,&quot;sellerId&quot;:null,&quot;slug&quot;:&quot;ventilateurs&quot;,&quot;selected&quot;:false,&quot;children&quot;:null,&quot;layers&quot;:&quot;\/navigation\/26240\/layers&quot;,&quot;link&quot;:&quot;\/r\/electromenager\/chauffage-climatisation\/ventilateurs&quot;},{&quot;name&quot;:&quot;Climatiseurs et Rafraichisseurs&quot;,&quot;code&quot;:&quot;R17F03SF09&quot;,&quot;id&quot;:&quot;26242&quot;,&quot;type&quot;:&quot;RAYON&quot;,&quot;picto&quot;:null,&quot;level&quot;:3,&quot;sellerId&quot;:null,&quot;slug&quot;:&quot;climatiseurs-rafraichisseurs&quot;,&quot;selected&quot;:false,&quot;children&quot;:null,&quot;layers&quot;:&quot;\/navigation\/26242\/layers&quot;,&quot;link&quot;:&quot;\/r\/electromenager\/chauffage-climatisation\/climatiseurs-rafraichisseurs&quot;}],&quot;layers&quot;:&quot;\/navigation\/26038\/layers&quot;,&quot;link&quot;:&quot;\/r\/electromenager\/chauffage-climatisation&quot;},{&quot;name&quot;:&quot;R\u00e9frig\u00e9rateurs et Cong\u00e9lateurs&quot;,&quot;code&quot;:&quot;R17F05&quot;,&quot;id&quot;:&quot;26026&quot;,&quot;type&quot;:&quot;RAYON&quot;,&quot;picto&quot;:null,&quot;level&quot;:2,&quot;sellerId&quot;:null,&quot;slug&quot;:&quot;refrigerateur-congelateur&quot;,&quot;selected&quot;:false,&quot;children&quot;:[{&quot;name&quot;:&quot;R\u00e9frig\u00e9rateurs&quot;,&quot;code&quot;:&quot;R17F05SF01&quot;,&quot;id&quot;:&quot;26156&quot;,&quot;type&quot;:&quot;RAYON&quot;,&quot;picto&quot;:null,&quot;level&quot;:3,&quot;sellerId&quot;:null,&quot;slug&quot;:&quot;refrigerateurs&quot;,&quot;selected&quot;:false,&quot;children&quot;:[{&quot;name&quot;:&quot;R\u00e9frig\u00e9rateurs cong\u00e9lateurs&quot;,&quot;code&quot;:&quot;R17F05SF01SS01&quot;,&quot;id&quot;:&quot;26314&quot;,&quot;type&quot;:&quot;RAYON&quot;,&quot;picto&quot;:null,&quot;level&quot;:4,&quot;sellerId&quot;:null,&quot;slug&quot;:&quot;refrigerateurs-congelateurs&quot;,&quot;selected&quot;:false,&quot;children&quot;:null,&quot;layers&quot;:&quot;\/navigation\/26314\/layers&quot;,&quot;link&quot;:&quot;\/r\/electromenager\/refrigerateur-congelateur\/refrigerateurs\/refrigerateurs-congelateurs&quot;}],&quot;layers&quot;:&quot;\/navigation\/26156\/layers&quot;,&quot;link&quot;:&quot;\/r\/electromenager\/refrigerateur-congelateur\/refrigerateurs&quot;}],&quot;layers&quot;:&quot;\/navigation\/26026\/layers&quot;,&quot;link&quot;:&quot;\/r\/electromenager\/refrigerateur-congelateur&quot;},{&quot;name&quot;:&quot;Petit d\u00e9jeuner&quot;,&quot;code&quot;:&quot;R17F06&quot;,&quot;id&quot;:&quot;26028&quot;,&quot;type&quot;:&quot;RAYON&quot;,&quot;picto&quot;:null,&quot;level&quot;:2,&quot;sellerId&quot;:null,&quot;slug&quot;:&quot;petit-dejeuner&quot;,&quot;selected&quot;:false,&quot;children&quot;:[{&quot;name&quot;:&quot;Cafeti\u00e8res et Expresso&quot;,&quot;code&quot;:&quot;R17F06SF01&quot;,&quot;id&quot;:&quot;26180&quot;,&quot;type&quot;:&quot;RAYON&quot;,&quot;picto&quot;:null,&quot;level&quot;:3,&quot;sellerId&quot;:null,&quot;slug&quot;:&quot;cafetieres-expresso&quot;,&quot;selected&quot;:false,&quot;children&quot;:[{&quot;name&quot;:&quot;Cafeti\u00e8res Senseo &quot;,&quot;code&quot;:&quot;R17F06SF01SS01&quot;,&quot;id&quot;:&quot;26456&quot;,&quot;type&quot;:&quot;RAYON&quot;,&quot;picto&quot;:null,&quot;level&quot;:4,&quot;sellerId&quot;:null,&quot;slug&quot;:&quot;cafetieres-senseo&quot;,&quot;selected&quot;:false,&quot;children&quot;:null,&quot;layers&quot;:&quot;\/navigation\/26456\/layers&quot;,&quot;link&quot;:&quot;\/r\/electromenager\/petit-dejeuner\/cafetieres-expresso\/cafetieres-senseo&quot;},{&quot;name&quot;:&quot;Cafeti\u00e8res Dolce Gusto &quot;,&quot;code&quot;:&quot;R17F06SF01SS02&quot;,&quot;id&quot;:&quot;26457&quot;,&quot;type&quot;:&quot;RAYON&quot;,&quot;picto&quot;:null,&quot;level&quot;:4,&quot;sellerId&quot;:null,&quot;slug&quot;:&quot;cafetieres-dolce-gusto-&quot;,&quot;selected&quot;:false,&quot;children&quot;:null,&quot;layers&quot;:&quot;\/navigation\/26457\/layers&quot;,&quot;link&quot;:&quot;\/r\/electromenager\/petit-dejeuner\/cafetieres-expresso\/cafetieres-dolce-gusto-&quot;},{&quot;name&quot;:&quot;Cafeti\u00e8res Tassimo &quot;,&quot;code&quot;:&quot;R17F06SF01SS03&quot;,&quot;id&quot;:&quot;26458&quot;,&quot;type&quot;:&quot;RAYON&quot;,&quot;picto&quot;:null,&quot;level&quot;:4,&quot;sellerId&quot;:null,&quot;slug&quot;:&quot;cafetiere-tassimo&quot;,&quot;selected&quot;:false,&quot;children&quot;:null,&quot;layers&quot;:&quot;\/navigation\/26458\/layers&quot;,&quot;link&quot;:&quot;\/r\/electromenager\/petit-dejeuner\/cafetieres-expresso\/cafetiere-tassimo&quot;},{&quot;name&quot;:&quot;Autres cafeti\u00e8res&quot;,&quot;code&quot;:&quot;R17F06SF01SS05&quot;,&quot;id&quot;:&quot;26461&quot;,&quot;type&quot;:&quot;RAYON&quot;,&quot;picto&quot;:null,&quot;level&quot;:4,&quot;sellerId&quot;:null,&quot;slug&quot;:&quot;autres-cafetieres&quot;,&quot;selected&quot;:false,&quot;children&quot;:null,&quot;layers&quot;:&quot;\/navigation\/26461\/layers&quot;,&quot;link&quot;:&quot;\/r\/electromenager\/petit-dejeuner\/cafetieres-expresso\/autres-cafetieres&quot;},{&quot;name&quot;:&quot;Accessoires cafeti\u00e8res&quot;,&quot;code&quot;:&quot;R17F06SF01SS06&quot;,&quot;id&quot;:&quot;26944&quot;,&quot;type&quot;:&quot;RAYON&quot;,&quot;picto&quot;:null,&quot;level&quot;:4,&quot;sellerId&quot;:null,&quot;slug&quot;:&quot;accessoires-cafetieres&quot;,&quot;selected&quot;:false,&quot;children&quot;:null,&quot;layers&quot;:&quot;\/navigation\/26944\/layers&quot;,&quot;link&quot;:&quot;\/r\/electromenager\/petit-dejeuner\/cafetieres-expresso\/accessoires-cafetieres&quot;}],&quot;layers&quot;:&quot;\/navigation\/26180\/layers&quot;,&quot;link&quot;:&quot;\/r\/electromenager\/petit-dejeuner\/cafetieres-expresso&quot;},{&quot;name&quot;:&quot;Bouilloires&quot;,&quot;code&quot;:&quot;R17F06SF02&quot;,&quot;id&quot;:&quot;26182&quot;,&quot;type&quot;:&quot;RAYON&quot;,&quot;picto&quot;:null,&quot;level&quot;:3,&quot;sellerId&quot;:null,&quot;slug&quot;:&quot;bouilloires&quot;,&quot;selected&quot;:false,&quot;children&quot;:null,&quot;layers&quot;:&quot;\/navigation\/26182\/layers&quot;,&quot;link&quot;:&quot;\/r\/electromenager\/petit-dejeuner\/bouilloires&quot;},{&quot;name&quot;:&quot;Grille-pains&quot;,&quot;code&quot;:&quot;R17F06SF03&quot;,&quot;id&quot;:&quot;26185&quot;,&quot;type&quot;:&quot;RAYON&quot;,&quot;picto&quot;:null,&quot;level&quot;:3,&quot;sellerId&quot;:null,&quot;slug&quot;:&quot;grille-pains&quot;,&quot;selected&quot;:false,&quot;children&quot;:null,&quot;layers&quot;:&quot;\/navigation\/26185\/layers&quot;,&quot;link&quot;:&quot;\/r\/electromenager\/petit-dejeuner\/grille-pains&quot;},{&quot;name&quot;:&quot;Extracteurs de jus et Presse-agrumes&quot;,&quot;code&quot;:&quot;R17F06SF04&quot;,&quot;id&quot;:&quot;26187&quot;,&quot;type&quot;:&quot;RAYON&quot;,&quot;picto&quot;:null,&quot;level&quot;:3,&quot;sellerId&quot;:null,&quot;slug&quot;:&quot;extracteurs-de-jus&quot;,&quot;selected&quot;:false,&quot;children&quot;:null,&quot;layers&quot;:&quot;\/navigation\/26187\/layers&quot;,&quot;link&quot;:&quot;\/r\/electromenager\/petit-dejeuner\/extracteurs-de-jus&quot;}],&quot;layers&quot;:&quot;\/navigation\/26028\/layers&quot;,&quot;link&quot;:&quot;\/r\/electromenager\/petit-dejeuner&quot;},{&quot;name&quot;:&quot;Boisson&quot;,&quot;code&quot;:&quot;R17F07&quot;,&quot;id&quot;:&quot;26031&quot;,&quot;type&quot;:&quot;RAYON&quot;,&quot;picto&quot;:null,&quot;level&quot;:2,&quot;sellerId&quot;:null,&quot;slug&quot;:&quot;boisson&quot;,&quot;selected&quot;:false,&quot;children&quot;:[{&quot;name&quot;:&quot;Th\u00e9i\u00e8res&quot;,&quot;code&quot;:&quot;R17F07SF01&quot;,&quot;id&quot;:&quot;26190&quot;,&quot;type&quot;:&quot;RAYON&quot;,&quot;picto&quot;:null,&quot;level&quot;:3,&quot;sellerId&quot;:null,&quot;slug&quot;:&quot;theieres&quot;,&quot;selected&quot;:false,&quot;children&quot;:null,&quot;layers&quot;:&quot;\/navigation\/26190\/layers&quot;,&quot;link&quot;:&quot;\/r\/electromenager\/boisson\/theieres&quot;},{&quot;name&quot;:&quot;Centrifugeuses&quot;,&quot;code&quot;:&quot;R17F07SF02&quot;,&quot;id&quot;:&quot;26192&quot;,&quot;type&quot;:&quot;RAYON&quot;,&quot;picto&quot;:null,&quot;level&quot;:3,&quot;sellerId&quot;:null,&quot;slug&quot;:&quot;centrifugeuses&quot;,&quot;selected&quot;:false,&quot;children&quot;:null,&quot;layers&quot;:&quot;\/navigation\/26192\/layers&quot;,&quot;link&quot;:&quot;\/r\/electromenager\/boisson\/centrifugeuses&quot;},{&quot;name&quot;:&quot;Machines \u00e0 soda et Cartouches&quot;,&quot;code&quot;:&quot;R17F07SF03&quot;,&quot;id&quot;:&quot;26195&quot;,&quot;type&quot;:&quot;RAYON&quot;,&quot;picto&quot;:null,&quot;level&quot;:3,&quot;sellerId&quot;:null,&quot;slug&quot;:&quot;machines-a-soda-cartouches&quot;,&quot;selected&quot;:false,&quot;children&quot;:null,&quot;layers&quot;:&quot;\/navigation\/26195\/layers&quot;,&quot;link&quot;:&quot;\/r\/electromenager\/boisson\/machines-a-soda-cartouches&quot;},{&quot;name&quot;:&quot;Carafes filtrantes et Filtres&quot;,&quot;code&quot;:&quot;R17F07SF04&quot;,&quot;id&quot;:&quot;26198&quot;,&quot;type&quot;:&quot;RAYON&quot;,&quot;picto&quot;:null,&quot;level&quot;:3,&quot;sellerId&quot;:null,&quot;slug&quot;:&quot;carafes-filtrantes-filtres&quot;,&quot;selected&quot;:false,&quot;children&quot;:null,&quot;layers&quot;:&quot;\/navigation\/26198\/layers&quot;,&quot;link&quot;:&quot;\/r\/electromenager\/boisson\/carafes-filtrantes-filtres&quot;},{&quot;name&quot;:&quot;Machines \u00e0 gla\u00e7ons&quot;,&quot;code&quot;:&quot;R17F07SF05&quot;,&quot;id&quot;:&quot;26200&quot;,&quot;type&quot;:&quot;RAYON&quot;,&quot;picto&quot;:null,&quot;level&quot;:3,&quot;sellerId&quot;:null,&quot;slug&quot;:&quot;machines-a-glacons&quot;,&quot;selected&quot;:false,&quot;children&quot;:null,&quot;layers&quot;:&quot;\/navigation\/26200\/layers&quot;,&quot;link&quot;:&quot;\/r\/electromenager\/boisson\/machines-a-glacons&quot;},{&quot;name&quot;:&quot;Pompes et Tireuses \u00e0 bi\u00e8re&quot;,&quot;code&quot;:&quot;R17F07SF06&quot;,&quot;id&quot;:&quot;26202&quot;,&quot;type&quot;:&quot;RAYON&quot;,&quot;picto&quot;:null,&quot;level&quot;:3,&quot;sellerId&quot;:null,&quot;slug&quot;:&quot;pompes-tireuses-a-biere&quot;,&quot;selected&quot;:false,&quot;children&quot;:null,&quot;layers&quot;:&quot;\/navigation\/26202\/layers&quot;,&quot;link&quot;:&quot;\/r\/electromenager\/boisson\/pompes-tireuses-a-biere&quot;}],&quot;layers&quot;:&quot;\/navigation\/26031\/layers&quot;,&quot;link&quot;:&quot;\/r\/electromenager\/boisson&quot;},{&quot;name&quot;:&quot;Entretien du sol&quot;,&quot;code&quot;:&quot;R17F08&quot;,&quot;id&quot;:&quot;26033&quot;,&quot;type&quot;:&quot;RAYON&quot;,&quot;picto&quot;:null,&quot;level&quot;:2,&quot;sellerId&quot;:null,&quot;slug&quot;:&quot;entretien-sol&quot;,&quot;selected&quot;:false,&quot;children&quot;:[{&quot;name&quot;:&quot;Aspirateurs balai&quot;,&quot;code&quot;:&quot;R17F08SF01&quot;,&quot;id&quot;:&quot;26212&quot;,&quot;type&quot;:&quot;RAYON&quot;,&quot;picto&quot;:null,&quot;level&quot;:3,&quot;sellerId&quot;:null,&quot;slug&quot;:&quot;aspirateurs-balai&quot;,&quot;selected&quot;:false,&quot;children&quot;:null,&quot;layers&quot;:&quot;\/navigation\/26212\/layers&quot;,&quot;link&quot;:&quot;\/r\/electromenager\/entretien-sol\/aspirateurs-balai&quot;},{&quot;name&quot;:&quot;Aspirateurs robot&quot;,&quot;code&quot;:&quot;R17F08SF02&quot;,&quot;id&quot;:&quot;26214&quot;,&quot;type&quot;:&quot;RAYON&quot;,&quot;picto&quot;:null,&quot;level&quot;:3,&quot;sellerId&quot;:null,&quot;slug&quot;:&quot;aspirateurs-robot&quot;,&quot;selected&quot;:false,&quot;children&quot;:null,&quot;layers&quot;:&quot;\/navigation\/26214\/layers&quot;,&quot;link&quot;:&quot;\/r\/electromenager\/entretien-sol\/aspirateurs-robot&quot;},{&quot;name&quot;:&quot;Aspirateurs traineau &quot;,&quot;code&quot;:&quot;R17F08SF03&quot;,&quot;id&quot;:&quot;26216&quot;,&quot;type&quot;:&quot;RAYON&quot;,&quot;picto&quot;:null,&quot;level&quot;:3,&quot;sellerId&quot;:null,&quot;slug&quot;:&quot;aspirateurs-traineau&quot;,&quot;selected&quot;:false,&quot;children&quot;:null,&quot;layers&quot;:&quot;\/navigation\/26216\/layers&quot;,&quot;link&quot;:&quot;\/r\/electromenager\/entretien-sol\/aspirateurs-traineau&quot;},{&quot;name&quot;:&quot;Nettoyeurs vapeur&quot;,&quot;code&quot;:&quot;R17F08SF04&quot;,&quot;id&quot;:&quot;26218&quot;,&quot;type&quot;:&quot;RAYON&quot;,&quot;picto&quot;:null,&quot;level&quot;:3,&quot;sellerId&quot;:null,&quot;slug&quot;:&quot;nettoyeurs-vapeur&quot;,&quot;selected&quot;:false,&quot;children&quot;:null,&quot;layers&quot;:&quot;\/navigation\/26218\/layers&quot;,&quot;link&quot;:&quot;\/r\/electromenager\/entretien-sol\/nettoyeurs-vapeur&quot;},{&quot;name&quot;:&quot;Aspirateurs \u00e0 main&quot;,&quot;code&quot;:&quot;R17F08SF05&quot;,&quot;id&quot;:&quot;26942&quot;,&quot;type&quot;:&quot;RAYON&quot;,&quot;picto&quot;:null,&quot;level&quot;:3,&quot;sellerId&quot;:null,&quot;slug&quot;:&quot;aspirateur-a-main&quot;,&quot;selected&quot;:false,&quot;children&quot;:null,&quot;layers&quot;:&quot;\/navigation\/26942\/layers&quot;,&quot;link&quot;:&quot;\/r\/electromenager\/entretien-sol\/aspirateur-a-main&quot;},{&quot;name&quot;:&quot;Accessoires d&#039;aspirateur&quot;,&quot;code&quot;:&quot;R17F08SF06&quot;,&quot;id&quot;:&quot;26219&quot;,&quot;type&quot;:&quot;RAYON&quot;,&quot;picto&quot;:null,&quot;level&quot;:3,&quot;sellerId&quot;:null,&quot;slug&quot;:&quot;accessoires-aspirateur&quot;,&quot;selected&quot;:false,&quot;children&quot;:null,&quot;layers&quot;:&quot;\/navigation\/26219\/layers&quot;,&quot;link&quot;:&quot;\/r\/electromenager\/entretien-sol\/accessoires-aspirateur&quot;}],&quot;layers&quot;:&quot;\/navigation\/26033\/layers&quot;,&quot;link&quot;:&quot;\/r\/electromenager\/entretien-sol&quot;},{&quot;name&quot;:&quot;Hygi\u00e8ne et Beaut\u00e9&quot;,&quot;code&quot;:&quot;R17F09&quot;,&quot;id&quot;:&quot;26036&quot;,&quot;type&quot;:&quot;RAYON&quot;,&quot;picto&quot;:null,&quot;level&quot;:2,&quot;sellerId&quot;:null,&quot;slug&quot;:&quot;hygiene-beaute&quot;,&quot;selected&quot;:false,&quot;children&quot;:[{&quot;name&quot;:&quot;Epilation &quot;,&quot;code&quot;:&quot;R17F09SF01&quot;,&quot;id&quot;:&quot;26224&quot;,&quot;type&quot;:&quot;RAYON&quot;,&quot;picto&quot;:null,&quot;level&quot;:3,&quot;sellerId&quot;:null,&quot;slug&quot;:&quot;epilation&quot;,&quot;selected&quot;:false,&quot;children&quot;:[{&quot;name&quot;:&quot;Epilateurs \u00e0 lumi\u00e8re puls\u00e9e &quot;,&quot;code&quot;:&quot;R17F09SF01SS02&quot;,&quot;id&quot;:&quot;26472&quot;,&quot;type&quot;:&quot;RAYON&quot;,&quot;picto&quot;:null,&quot;level&quot;:4,&quot;sellerId&quot;:null,&quot;slug&quot;:&quot;epilateurs-lumiere-pulsee&quot;,&quot;selected&quot;:false,&quot;children&quot;:null,&quot;layers&quot;:&quot;\/navigation\/26472\/layers&quot;,&quot;link&quot;:&quot;\/r\/electromenager\/hygiene-beaute\/epilation\/epilateurs-lumiere-pulsee&quot;},{&quot;name&quot;:&quot;Epilateurs \u00e9lectriques&quot;,&quot;code&quot;:&quot;R17F09SF01SS03&quot;,&quot;id&quot;:&quot;26902&quot;,&quot;type&quot;:&quot;RAYON&quot;,&quot;picto&quot;:null,&quot;level&quot;:4,&quot;sellerId&quot;:null,&quot;slug&quot;:&quot;epilateurs-electriques&quot;,&quot;selected&quot;:false,&quot;children&quot;:null,&quot;layers&quot;:&quot;\/navigation\/26902\/layers&quot;,&quot;link&quot;:&quot;\/r\/electromenager\/hygiene-beaute\/epilation\/epilateurs-electriques&quot;},{&quot;name&quot;:&quot;Accessoires Epilation&quot;,&quot;code&quot;:&quot;R17F09SF01SS04&quot;,&quot;id&quot;:&quot;26941&quot;,&quot;type&quot;:&quot;RAYON&quot;,&quot;picto&quot;:null,&quot;level&quot;:4,&quot;sellerId&quot;:null,&quot;slug&quot;:&quot;accessoires-epilation&quot;,&quot;selected&quot;:false,&quot;children&quot;:null,&quot;layers&quot;:&quot;\/navigation\/26941\/layers&quot;,&quot;link&quot;:&quot;\/r\/electromenager\/hygiene-beaute\/epilation\/accessoires-epilation&quot;}],&quot;layers&quot;:&quot;\/navigation\/26224\/layers&quot;,&quot;link&quot;:&quot;\/r\/electromenager\/hygiene-beaute\/epilation&quot;},{&quot;name&quot;:&quot;Rasoirs&quot;,&quot;code&quot;:&quot;R17F09SF02&quot;,&quot;id&quot;:&quot;26226&quot;,&quot;type&quot;:&quot;RAYON&quot;,&quot;picto&quot;:null,&quot;level&quot;:3,&quot;sellerId&quot;:null,&quot;slug&quot;:&quot;rasoirs&quot;,&quot;selected&quot;:false,&quot;children&quot;:[{&quot;name&quot;:&quot;Rasoirs pour femme&quot;,&quot;code&quot;:&quot;R17F09SF02SS01&quot;,&quot;id&quot;:&quot;26473&quot;,&quot;type&quot;:&quot;RAYON&quot;,&quot;picto&quot;:null,&quot;level&quot;:4,&quot;sellerId&quot;:null,&quot;slug&quot;:&quot;rasoirs-pour-femme&quot;,&quot;selected&quot;:false,&quot;children&quot;:null,&quot;layers&quot;:&quot;\/navigation\/26473\/layers&quot;,&quot;link&quot;:&quot;\/r\/electromenager\/hygiene-beaute\/rasoirs\/rasoirs-pour-femme&quot;},{&quot;name&quot;:&quot;Rasoirs pour homme&quot;,&quot;code&quot;:&quot;R17F09SF02SS02&quot;,&quot;id&quot;:&quot;26474&quot;,&quot;type&quot;:&quot;RAYON&quot;,&quot;picto&quot;:null,&quot;level&quot;:4,&quot;sellerId&quot;:null,&quot;slug&quot;:&quot;rasoirs-pour-homme&quot;,&quot;selected&quot;:false,&quot;children&quot;:null,&quot;layers&quot;:&quot;\/navigation\/26474\/layers&quot;,&quot;link&quot;:&quot;\/r\/electromenager\/hygiene-beaute\/rasoirs\/rasoirs-pour-homme&quot;}],&quot;layers&quot;:&quot;\/navigation\/26226\/layers&quot;,&quot;link&quot;:&quot;\/r\/electromenager\/hygiene-beaute\/rasoirs&quot;},{&quot;name&quot;:&quot;Tondeuses&quot;,&quot;code&quot;:&quot;R17F09SF03&quot;,&quot;id&quot;:&quot;26228&quot;,&quot;type&quot;:&quot;RAYON&quot;,&quot;picto&quot;:null,&quot;level&quot;:3,&quot;sellerId&quot;:null,&quot;slug&quot;:&quot;tondeuses&quot;,&quot;selected&quot;:false,&quot;children&quot;:[{&quot;name&quot;:&quot;Tondeuses pour la barbe &quot;,&quot;code&quot;:&quot;R17F09SF03SS01&quot;,&quot;id&quot;:&quot;26475&quot;,&quot;type&quot;:&quot;RAYON&quot;,&quot;picto&quot;:null,&quot;level&quot;:4,&quot;sellerId&quot;:null,&quot;slug&quot;:&quot;tondeuses-barbe&quot;,&quot;selected&quot;:false,&quot;children&quot;:null,&quot;layers&quot;:&quot;\/navigation\/26475\/layers&quot;,&quot;link&quot;:&quot;\/r\/electromenager\/hygiene-beaute\/tondeuses\/tondeuses-barbe&quot;},{&quot;name&quot;:&quot;Tondeuses pour le nez et les oreilles&quot;,&quot;code&quot;:&quot;R17F09SF03SS02&quot;,&quot;id&quot;:&quot;26857&quot;,&quot;type&quot;:&quot;RAYON&quot;,&quot;picto&quot;:null,&quot;level&quot;:4,&quot;sellerId&quot;:null,&quot;slug&quot;:&quot;tondeuses-nez-oreilles&quot;,&quot;selected&quot;:false,&quot;children&quot;:null,&quot;layers&quot;:&quot;\/navigation\/26857\/layers&quot;,&quot;link&quot;:&quot;\/r\/electromenager\/hygiene-beaute\/tondeuses\/tondeuses-nez-oreilles&quot;},{&quot;name&quot;:&quot;Tondeuses pour le corps &quot;,&quot;code&quot;:&quot;R17F09SF03SS03&quot;,&quot;id&quot;:&quot;26476&quot;,&quot;type&quot;:&quot;RAYON&quot;,&quot;picto&quot;:null,&quot;level&quot;:4,&quot;sellerId&quot;:null,&quot;slug&quot;:&quot;tondeuses-corps&quot;,&quot;selected&quot;:false,&quot;children&quot;:null,&quot;layers&quot;:&quot;\/navigation\/26476\/layers&quot;,&quot;link&quot;:&quot;\/r\/electromenager\/hygiene-beaute\/tondeuses\/tondeuses-corps&quot;},{&quot;name&quot;:&quot;Tondeuses multifonctions&quot;,&quot;code&quot;:&quot;R17F09SF03SS04&quot;,&quot;id&quot;:&quot;26477&quot;,&quot;type&quot;:&quot;RAYON&quot;,&quot;picto&quot;:null,&quot;level&quot;:4,&quot;sellerId&quot;:null,&quot;slug&quot;:&quot;tondeuses-multifonctions&quot;,&quot;selected&quot;:false,&quot;children&quot;:null,&quot;layers&quot;:&quot;\/navigation\/26477\/layers&quot;,&quot;link&quot;:&quot;\/r\/electromenager\/hygiene-beaute\/tondeuses\/tondeuses-multifonctions&quot;},{&quot;name&quot;:&quot;Accessoires de tondeuse&quot;,&quot;code&quot;:&quot;R17F09SF03SS05&quot;,&quot;id&quot;:&quot;26478&quot;,&quot;type&quot;:&quot;RAYON&quot;,&quot;picto&quot;:null,&quot;level&quot;:4,&quot;sellerId&quot;:null,&quot;slug&quot;:&quot;accessoires-tondeuse&quot;,&quot;selected&quot;:false,&quot;children&quot;:null,&quot;layers&quot;:&quot;\/navigation\/26478\/layers&quot;,&quot;link&quot;:&quot;\/r\/electromenager\/hygiene-beaute\/tondeuses\/accessoires-tondeuse&quot;}],&quot;layers&quot;:&quot;\/navigation\/26228\/layers&quot;,&quot;link&quot;:&quot;\/r\/electromenager\/hygiene-beaute\/tondeuses&quot;},{&quot;name&quot;:&quot;Coiffure&quot;,&quot;code&quot;:&quot;R17F09SF04&quot;,&quot;id&quot;:&quot;26230&quot;,&quot;type&quot;:&quot;RAYON&quot;,&quot;picto&quot;:null,&quot;level&quot;:3,&quot;sellerId&quot;:null,&quot;slug&quot;:&quot;coiffure&quot;,&quot;selected&quot;:false,&quot;children&quot;:[{&quot;name&quot;:&quot;S\u00e8che-cheveux &quot;,&quot;code&quot;:&quot;R17F09SF04SS01&quot;,&quot;id&quot;:&quot;26479&quot;,&quot;type&quot;:&quot;RAYON&quot;,&quot;picto&quot;:null,&quot;level&quot;:4,&quot;sellerId&quot;:null,&quot;slug&quot;:&quot;seche-cheveux&quot;,&quot;selected&quot;:false,&quot;children&quot;:null,&quot;layers&quot;:&quot;\/navigation\/26479\/layers&quot;,&quot;link&quot;:&quot;\/r\/electromenager\/hygiene-beaute\/coiffure\/seche-cheveux&quot;},{&quot;name&quot;:&quot;Lisseurs&quot;,&quot;code&quot;:&quot;R17F09SF04SS02&quot;,&quot;id&quot;:&quot;26480&quot;,&quot;type&quot;:&quot;RAYON&quot;,&quot;picto&quot;:null,&quot;level&quot;:4,&quot;sellerId&quot;:null,&quot;slug&quot;:&quot;lisseurs&quot;,&quot;selected&quot;:false,&quot;children&quot;:null,&quot;layers&quot;:&quot;\/navigation\/26480\/layers&quot;,&quot;link&quot;:&quot;\/r\/electromenager\/hygiene-beaute\/coiffure\/lisseurs&quot;},{&quot;name&quot;:&quot;Fers \u00e0 boucler&quot;,&quot;code&quot;:&quot;R17F09SF04SS03&quot;,&quot;id&quot;:&quot;26481&quot;,&quot;type&quot;:&quot;RAYON&quot;,&quot;picto&quot;:null,&quot;level&quot;:4,&quot;sellerId&quot;:null,&quot;slug&quot;:&quot;fers-a-boucler&quot;,&quot;selected&quot;:false,&quot;children&quot;:null,&quot;layers&quot;:&quot;\/navigation\/26481\/layers&quot;,&quot;link&quot;:&quot;\/r\/electromenager\/hygiene-beaute\/coiffure\/fers-a-boucler&quot;},{&quot;name&quot;:&quot;Tondeuses \u00e0 cheveux&quot;,&quot;code&quot;:&quot;R17F09SF04SS04&quot;,&quot;id&quot;:&quot;26482&quot;,&quot;type&quot;:&quot;RAYON&quot;,&quot;picto&quot;:null,&quot;level&quot;:4,&quot;sellerId&quot;:null,&quot;slug&quot;:&quot;tondeuses-cheveux&quot;,&quot;selected&quot;:false,&quot;children&quot;:null,&quot;layers&quot;:&quot;\/navigation\/26482\/layers&quot;,&quot;link&quot;:&quot;\/r\/electromenager\/hygiene-beaute\/coiffure\/tondeuses-cheveux&quot;},{&quot;name&quot;:&quot;Brosses soufflantes&quot;,&quot;code&quot;:&quot;R17F09SF04SS05&quot;,&quot;id&quot;:&quot;26483&quot;,&quot;type&quot;:&quot;RAYON&quot;,&quot;picto&quot;:null,&quot;level&quot;:4,&quot;sellerId&quot;:null,&quot;slug&quot;:&quot;brosses-soufflantes&quot;,&quot;selected&quot;:false,&quot;children&quot;:null,&quot;layers&quot;:&quot;\/navigation\/26483\/layers&quot;,&quot;link&quot;:&quot;\/r\/electromenager\/hygiene-beaute\/coiffure\/brosses-soufflantes&quot;},{&quot;name&quot;:&quot;Brosses coiffantes&quot;,&quot;code&quot;:&quot;R17F09SF04SS06&quot;,&quot;id&quot;:&quot;26484&quot;,&quot;type&quot;:&quot;RAYON&quot;,&quot;picto&quot;:null,&quot;level&quot;:4,&quot;sellerId&quot;:null,&quot;slug&quot;:&quot;brosses-coiffantes&quot;,&quot;selected&quot;:false,&quot;children&quot;:null,&quot;layers&quot;:&quot;\/navigation\/26484\/layers&quot;,&quot;link&quot;:&quot;\/r\/electromenager\/hygiene-beaute\/coiffure\/brosses-coiffantes&quot;},{&quot;name&quot;:&quot;Accessoires de coiffure&quot;,&quot;code&quot;:&quot;R17F09SF04SS07&quot;,&quot;id&quot;:&quot;26485&quot;,&quot;type&quot;:&quot;RAYON&quot;,&quot;picto&quot;:null,&quot;level&quot;:4,&quot;sellerId&quot;:null,&quot;slug&quot;:&quot;accessoires-coiffure&quot;,&quot;selected&quot;:false,&quot;children&quot;:null,&quot;layers&quot;:&quot;\/navigation\/26485\/layers&quot;,&quot;link&quot;:&quot;\/r\/electromenager\/hygiene-beaute\/coiffure\/accessoires-coiffure&quot;}],&quot;layers&quot;:&quot;\/navigation\/26230\/layers&quot;,&quot;link&quot;:&quot;\/r\/electromenager\/hygiene-beaute\/coiffure&quot;},{&quot;name&quot;:&quot;Soins du visage&quot;,&quot;code&quot;:&quot;R17F09SF05&quot;,&quot;id&quot;:&quot;26233&quot;,&quot;type&quot;:&quot;RAYON&quot;,&quot;picto&quot;:null,&quot;level&quot;:3,&quot;sellerId&quot;:null,&quot;slug&quot;:&quot;soin-visage&quot;,&quot;selected&quot;:false,&quot;children&quot;:null,&quot;layers&quot;:&quot;\/navigation\/26233\/layers&quot;,&quot;link&quot;:&quot;\/r\/electromenager\/hygiene-beaute\/soin-visage&quot;},{&quot;name&quot;:&quot;Hygi\u00e8ne dentaire&quot;,&quot;code&quot;:&quot;R17F09SF06&quot;,&quot;id&quot;:&quot;26235&quot;,&quot;type&quot;:&quot;RAYON&quot;,&quot;picto&quot;:null,&quot;level&quot;:3,&quot;sellerId&quot;:null,&quot;slug&quot;:&quot;hygiene-dentaire&quot;,&quot;selected&quot;:false,&quot;children&quot;:null,&quot;layers&quot;:&quot;\/navigation\/26235\/layers&quot;,&quot;link&quot;:&quot;\/r\/electromenager\/hygiene-beaute\/hygiene-dentaire&quot;},{&quot;name&quot;:&quot;Manucure et P\u00e9dicure&quot;,&quot;code&quot;:&quot;R17F09SF07&quot;,&quot;id&quot;:&quot;26236&quot;,&quot;type&quot;:&quot;RAYON&quot;,&quot;picto&quot;:null,&quot;level&quot;:3,&quot;sellerId&quot;:null,&quot;slug&quot;:&quot;manucure-pedicure&quot;,&quot;selected&quot;:false,&quot;children&quot;:null,&quot;layers&quot;:&quot;\/navigation\/26236\/layers&quot;,&quot;link&quot;:&quot;\/r\/electromenager\/hygiene-beaute\/manucure-pedicure&quot;},{&quot;name&quot;:&quot;Bien-\u00eatre et Minceur&quot;,&quot;code&quot;:&quot;R17F09SF08&quot;,&quot;id&quot;:&quot;26237&quot;,&quot;type&quot;:&quot;RAYON&quot;,&quot;picto&quot;:null,&quot;level&quot;:3,&quot;sellerId&quot;:null,&quot;slug&quot;:&quot;bien-etre-minceur&quot;,&quot;selected&quot;:false,&quot;children&quot;:null,&quot;layers&quot;:&quot;\/navigation\/26237\/layers&quot;,&quot;link&quot;:&quot;\/r\/electromenager\/hygiene-beaute\/bien-etre-minceur&quot;}],&quot;layers&quot;:&quot;\/navigation\/26036\/layers&quot;,&quot;link&quot;:&quot;\/r\/electromenager\/hygiene-beaute&quot;}],&quot;layers&quot;:&quot;\/navigation\/26016\/layers&quot;,&quot;link&quot;:&quot;\/r\/electromenager&quot;},{&quot;name&quot;:&quot;Jeux vid\u00e9os et Culture&quot;,&quot;code&quot;:&quot;R18&quot;,&quot;id&quot;:&quot;26021&quot;,&quot;type&quot;:&quot;RAYON&quot;,&quot;picto&quot;:&quot;https:\/\/media.carrefour.fr\/medias\/7a207ecb3c9c3b3eb3639203bd01c0b2\/p_96x96\/26021.jpg&quot;,&quot;level&quot;:1,&quot;sellerId&quot;:null,&quot;slug&quot;:&quot;jeux-videos-culture&quot;,&quot;selected&quot;:false,&quot;children&quot;:[{&quot;name&quot;:&quot;Consoles et Jeux vid\u00e9o&quot;,&quot;code&quot;:&quot;R18F01&quot;,&quot;id&quot;:&quot;26029&quot;,&quot;type&quot;:&quot;RAYON&quot;,&quot;picto&quot;:null,&quot;level&quot;:2,&quot;sellerId&quot;:null,&quot;slug&quot;:&quot;consoles-jeux-videos&quot;,&quot;selected&quot;:false,&quot;children&quot;:[{&quot;name&quot;:&quot;Playstation 5&quot;,&quot;code&quot;:&quot;R18F01SF01&quot;,&quot;id&quot;:&quot;28119&quot;,&quot;type&quot;:&quot;RAYON&quot;,&quot;picto&quot;:null,&quot;level&quot;:3,&quot;sellerId&quot;:null,&quot;slug&quot;:&quot;playstation-5&quot;,&quot;selected&quot;:false,&quot;children&quot;:[{&quot;name&quot;:&quot;Jeux PS5&quot;,&quot;code&quot;:&quot;R18F01SF01SS02&quot;,&quot;id&quot;:&quot;28121&quot;,&quot;type&quot;:&quot;RAYON&quot;,&quot;picto&quot;:null,&quot;level&quot;:4,&quot;sellerId&quot;:null,&quot;slug&quot;:&quot;jeux-ps5&quot;,&quot;selected&quot;:false,&quot;children&quot;:null,&quot;layers&quot;:&quot;\/navigation\/28121\/layers&quot;,&quot;link&quot;:&quot;\/r\/jeux-videos-culture\/consoles-jeux-videos\/playstation-5\/jeux-ps5&quot;},{&quot;name&quot;:&quot;Accessoires PS5&quot;,&quot;code&quot;:&quot;R18F01SF01SS03&quot;,&quot;id&quot;:&quot;28122&quot;,&quot;type&quot;:&quot;RAYON&quot;,&quot;picto&quot;:null,&quot;level&quot;:4,&quot;sellerId&quot;:null,&quot;slug&quot;:&quot;assessoires-ps5&quot;,&quot;selected&quot;:false,&quot;children&quot;:null,&quot;layers&quot;:&quot;\/navigation\/28122\/layers&quot;,&quot;link&quot;:&quot;\/r\/jeux-videos-culture\/consoles-jeux-videos\/playstation-5\/assessoires-ps5&quot;}],&quot;layers&quot;:&quot;\/navigation\/28119\/layers&quot;,&quot;link&quot;:&quot;\/r\/jeux-videos-culture\/consoles-jeux-videos\/playstation-5&quot;},{&quot;name&quot;:&quot;Nintendo Switch&quot;,&quot;code&quot;:&quot;R18F01SF02&quot;,&quot;id&quot;:&quot;26051&quot;,&quot;type&quot;:&quot;RAYON&quot;,&quot;picto&quot;:null,&quot;level&quot;:3,&quot;sellerId&quot;:null,&quot;slug&quot;:&quot;nintendo-switch&quot;,&quot;selected&quot;:false,&quot;children&quot;:[{&quot;name&quot;:&quot;Consoles Nintendo Swtich&quot;,&quot;code&quot;:&quot;R18F01SF02SS01&quot;,&quot;id&quot;:&quot;26053&quot;,&quot;type&quot;:&quot;RAYON&quot;,&quot;picto&quot;:null,&quot;level&quot;:4,&quot;sellerId&quot;:null,&quot;slug&quot;:&quot;consoles-nintendo-switch&quot;,&quot;selected&quot;:false,&quot;children&quot;:null,&quot;layers&quot;:&quot;\/navigation\/26053\/layers&quot;,&quot;link&quot;:&quot;\/r\/jeux-videos-culture\/consoles-jeux-videos\/nintendo-switch\/consoles-nintendo-switch&quot;},{&quot;name&quot;:&quot;Jeux Nintendo Switch&quot;,&quot;code&quot;:&quot;R18F01SF02SS02&quot;,&quot;id&quot;:&quot;26055&quot;,&quot;type&quot;:&quot;RAYON&quot;,&quot;picto&quot;:null,&quot;level&quot;:4,&quot;sellerId&quot;:null,&quot;slug&quot;:&quot;jeux-nintendo-switch&quot;,&quot;selected&quot;:false,&quot;children&quot;:null,&quot;layers&quot;:&quot;\/navigation\/26055\/layers&quot;,&quot;link&quot;:&quot;\/r\/jeux-videos-culture\/consoles-jeux-videos\/nintendo-switch\/jeux-nintendo-switch&quot;},{&quot;name&quot;:&quot;Accessoires Nintendo Switch&quot;,&quot;code&quot;:&quot;R18F01SF02SS03&quot;,&quot;id&quot;:&quot;26056&quot;,&quot;type&quot;:&quot;RAYON&quot;,&quot;picto&quot;:null,&quot;level&quot;:4,&quot;sellerId&quot;:null,&quot;slug&quot;:&quot;accessoires-nintendo-switch&quot;,&quot;selected&quot;:false,&quot;children&quot;:null,&quot;layers&quot;:&quot;\/navigation\/26056\/layers&quot;,&quot;link&quot;:&quot;\/r\/jeux-videos-culture\/consoles-jeux-videos\/nintendo-switch\/accessoires-nintendo-switch&quot;}],&quot;layers&quot;:&quot;\/navigation\/26051\/layers&quot;,&quot;link&quot;:&quot;\/r\/jeux-videos-culture\/consoles-jeux-videos\/nintendo-switch&quot;},{&quot;name&quot;:&quot;Xbox Series&quot;,&quot;code&quot;:&quot;R18F01SF02&quot;,&quot;id&quot;:&quot;28563&quot;,&quot;type&quot;:&quot;RAYON&quot;,&quot;picto&quot;:null,&quot;level&quot;:3,&quot;sellerId&quot;:null,&quot;slug&quot;:&quot;xbox-series-x&quot;,&quot;selected&quot;:false,&quot;children&quot;:[{&quot;name&quot;:&quot;Consoles Xbox Series&quot;,&quot;code&quot;:&quot;R18F01SF03SS01&quot;,&quot;id&quot;:&quot;28564&quot;,&quot;type&quot;:&quot;RAYON&quot;,&quot;picto&quot;:null,&quot;level&quot;:4,&quot;sellerId&quot;:null,&quot;slug&quot;:&quot;console-xbox-series-x&quot;,&quot;selected&quot;:false,&quot;children&quot;:null,&quot;layers&quot;:&quot;\/navigation\/28564\/layers&quot;,&quot;link&quot;:&quot;\/r\/jeux-videos-culture\/consoles-jeux-videos\/xbox-series-x\/console-xbox-series-x&quot;},{&quot;name&quot;:&quot;Jeux Xbox Series&quot;,&quot;code&quot;:&quot;R18F01SF03SS02&quot;,&quot;id&quot;:&quot;28565&quot;,&quot;type&quot;:&quot;RAYON&quot;,&quot;picto&quot;:null,&quot;level&quot;:4,&quot;sellerId&quot;:null,&quot;slug&quot;:&quot;jeux-xbox-series-x&quot;,&quot;selected&quot;:false,&quot;children&quot;:null,&quot;layers&quot;:&quot;\/navigation\/28565\/layers&quot;,&quot;link&quot;:&quot;\/r\/jeux-videos-culture\/consoles-jeux-videos\/xbox-series-x\/jeux-xbox-series-x&quot;},{&quot;name&quot;:&quot;Accessoires Xbox Series&quot;,&quot;code&quot;:&quot;R18F01SF02SS03&quot;,&quot;id&quot;:&quot;28566&quot;,&quot;type&quot;:&quot;RAYON&quot;,&quot;picto&quot;:null,&quot;level&quot;:4,&quot;sellerId&quot;:null,&quot;slug&quot;:&quot;accessoires-xbox-series-x&quot;,&quot;selected&quot;:false,&quot;children&quot;:null,&quot;layers&quot;:&quot;\/navigation\/28566\/layers&quot;,&quot;link&quot;:&quot;\/r\/jeux-videos-culture\/consoles-jeux-videos\/xbox-series-x\/accessoires-xbox-series-x&quot;}],&quot;layers&quot;:&quot;\/navigation\/28563\/layers&quot;,&quot;link&quot;:&quot;\/r\/jeux-videos-culture\/consoles-jeux-videos\/xbox-series-x&quot;},{&quot;name&quot;:&quot;Playstation 4&quot;,&quot;code&quot;:&quot;R18F01SF04&quot;,&quot;id&quot;:&quot;26035&quot;,&quot;type&quot;:&quot;RAYON&quot;,&quot;picto&quot;:null,&quot;level&quot;:3,&quot;sellerId&quot;:null,&quot;slug&quot;:&quot;playstation-4&quot;,&quot;selected&quot;:false,&quot;children&quot;:[{&quot;name&quot;:&quot;Consoles PS4&quot;,&quot;code&quot;:&quot;R18F01SF04SS01&quot;,&quot;id&quot;:&quot;26037&quot;,&quot;type&quot;:&quot;RAYON&quot;,&quot;picto&quot;:null,&quot;level&quot;:4,&quot;sellerId&quot;:null,&quot;slug&quot;:&quot;consoles-ps4&quot;,&quot;selected&quot;:false,&quot;children&quot;:null,&quot;layers&quot;:&quot;\/navigation\/26037\/layers&quot;,&quot;link&quot;:&quot;\/r\/jeux-videos-culture\/consoles-jeux-videos\/playstation-4\/consoles-ps4&quot;},{&quot;name&quot;:&quot;Jeux PS4&quot;,&quot;code&quot;:&quot;R18F01SF04SS02&quot;,&quot;id&quot;:&quot;26039&quot;,&quot;type&quot;:&quot;RAYON&quot;,&quot;picto&quot;:null,&quot;level&quot;:4,&quot;sellerId&quot;:null,&quot;slug&quot;:&quot;jeux-ps4&quot;,&quot;selected&quot;:false,&quot;children&quot;:null,&quot;layers&quot;:&quot;\/navigation\/26039\/layers&quot;,&quot;link&quot;:&quot;\/r\/jeux-videos-culture\/consoles-jeux-videos\/playstation-4\/jeux-ps4&quot;},{&quot;name&quot;:&quot;Accessoires PS4&quot;,&quot;code&quot;:&quot;R18F01SF04SS03&quot;,&quot;id&quot;:&quot;26041&quot;,&quot;type&quot;:&quot;RAYON&quot;,&quot;picto&quot;:null,&quot;level&quot;:4,&quot;sellerId&quot;:null,&quot;slug&quot;:&quot;accessoires-ps4&quot;,&quot;selected&quot;:false,&quot;children&quot;:null,&quot;layers&quot;:&quot;\/navigation\/26041\/layers&quot;,&quot;link&quot;:&quot;\/r\/jeux-videos-culture\/consoles-jeux-videos\/playstation-4\/accessoires-ps4&quot;}],&quot;layers&quot;:&quot;\/navigation\/26035\/layers&quot;,&quot;link&quot;:&quot;\/r\/jeux-videos-culture\/consoles-jeux-videos\/playstation-4&quot;},{&quot;name&quot;:&quot;Xbox One&quot;,&quot;code&quot;:&quot;R18F01SF05&quot;,&quot;id&quot;:&quot;26043&quot;,&quot;type&quot;:&quot;RAYON&quot;,&quot;picto&quot;:null,&quot;level&quot;:3,&quot;sellerId&quot;:null,&quot;slug&quot;:&quot;xbox-one&quot;,&quot;selected&quot;:false,&quot;children&quot;:[{&quot;name&quot;:&quot;Consoles Xbox One&quot;,&quot;code&quot;:&quot;R18F01SF05SS01&quot;,&quot;id&quot;:&quot;26045&quot;,&quot;type&quot;:&quot;RAYON&quot;,&quot;picto&quot;:null,&quot;level&quot;:4,&quot;sellerId&quot;:null,&quot;slug&quot;:&quot;consoles-xbox-one&quot;,&quot;selected&quot;:false,&quot;children&quot;:null,&quot;layers&quot;:&quot;\/navigation\/26045\/layers&quot;,&quot;link&quot;:&quot;\/r\/jeux-videos-culture\/consoles-jeux-videos\/xbox-one\/consoles-xbox-one&quot;},{&quot;name&quot;:&quot;Jeux Xbox One&quot;,&quot;code&quot;:&quot;R18F01SF05SS02&quot;,&quot;id&quot;:&quot;26047&quot;,&quot;type&quot;:&quot;RAYON&quot;,&quot;picto&quot;:null,&quot;level&quot;:4,&quot;sellerId&quot;:null,&quot;slug&quot;:&quot;jeux-xbox-one&quot;,&quot;selected&quot;:false,&quot;children&quot;:null,&quot;layers&quot;:&quot;\/navigation\/26047\/layers&quot;,&quot;link&quot;:&quot;\/r\/jeux-videos-culture\/consoles-jeux-videos\/xbox-one\/jeux-xbox-one&quot;},{&quot;name&quot;:&quot;Accessoires Xbox One&quot;,&quot;code&quot;:&quot;R18F01SF05SS03&quot;,&quot;id&quot;:&quot;26048&quot;,&quot;type&quot;:&quot;RAYON&quot;,&quot;picto&quot;:null,&quot;level&quot;:4,&quot;sellerId&quot;:null,&quot;slug&quot;:&quot;accessoires-xbox-one&quot;,&quot;selected&quot;:false,&quot;children&quot;:null,&quot;layers&quot;:&quot;\/navigation\/26048\/layers&quot;,&quot;link&quot;:&quot;\/r\/jeux-videos-culture\/consoles-jeux-videos\/xbox-one\/accessoires-xbox-one&quot;}],&quot;layers&quot;:&quot;\/navigation\/26043\/layers&quot;,&quot;link&quot;:&quot;\/r\/jeux-videos-culture\/consoles-jeux-videos\/xbox-one&quot;},{&quot;name&quot;:&quot;Autres consoles, Accessoires et Jeux&quot;,&quot;code&quot;:&quot;R18F01SF06&quot;,&quot;id&quot;:&quot;26058&quot;,&quot;type&quot;:&quot;RAYON&quot;,&quot;picto&quot;:null,&quot;level&quot;:3,&quot;sellerId&quot;:null,&quot;slug&quot;:&quot;autres-consoles-accessoires-jeux&quot;,&quot;selected&quot;:false,&quot;children&quot;:[{&quot;name&quot;:&quot;Consoles&quot;,&quot;code&quot;:&quot;R18F01SF06SS01&quot;,&quot;id&quot;:&quot;26062&quot;,&quot;type&quot;:&quot;RAYON&quot;,&quot;picto&quot;:null,&quot;level&quot;:4,&quot;sellerId&quot;:null,&quot;slug&quot;:&quot;consoles&quot;,&quot;selected&quot;:false,&quot;children&quot;:null,&quot;layers&quot;:&quot;\/navigation\/26062\/layers&quot;,&quot;link&quot;:&quot;\/r\/jeux-videos-culture\/consoles-jeux-videos\/autres-consoles-accessoires-jeux\/consoles&quot;},{&quot;name&quot;:&quot;Jeux&quot;,&quot;code&quot;:&quot;R18F01SF06SS02&quot;,&quot;id&quot;:&quot;26060&quot;,&quot;type&quot;:&quot;RAYON&quot;,&quot;picto&quot;:null,&quot;level&quot;:4,&quot;sellerId&quot;:null,&quot;slug&quot;:&quot;jeux&quot;,&quot;selected&quot;:false,&quot;children&quot;:null,&quot;layers&quot;:&quot;\/navigation\/26060\/layers&quot;,&quot;link&quot;:&quot;\/r\/jeux-videos-culture\/consoles-jeux-videos\/autres-consoles-accessoires-jeux\/jeux&quot;},{&quot;name&quot;:&quot;Accessoires&quot;,&quot;code&quot;:&quot;R18F01SF06SS03&quot;,&quot;id&quot;:&quot;26064&quot;,&quot;type&quot;:&quot;RAYON&quot;,&quot;picto&quot;:null,&quot;level&quot;:4,&quot;sellerId&quot;:null,&quot;slug&quot;:&quot;accessoires&quot;,&quot;selected&quot;:false,&quot;children&quot;:null,&quot;layers&quot;:&quot;\/navigation\/26064\/layers&quot;,&quot;link&quot;:&quot;\/r\/jeux-videos-culture\/consoles-jeux-videos\/autres-consoles-accessoires-jeux\/accessoires&quot;}],&quot;layers&quot;:&quot;\/navigation\/26058\/layers&quot;,&quot;link&quot;:&quot;\/r\/jeux-videos-culture\/consoles-jeux-videos\/autres-consoles-accessoires-jeux&quot;},{&quot;name&quot;:&quot;Jeux PC et Accessoires&quot;,&quot;code&quot;:&quot;R18F01SF07&quot;,&quot;id&quot;:&quot;26067&quot;,&quot;type&quot;:&quot;RAYON&quot;,&quot;picto&quot;:null,&quot;level&quot;:3,&quot;sellerId&quot;:null,&quot;slug&quot;:&quot;jeux-pc-accessoires&quot;,&quot;selected&quot;:false,&quot;children&quot;:[{&quot;name&quot;:&quot;Jeux PC&quot;,&quot;code&quot;:&quot;R18F01SF07SS01&quot;,&quot;id&quot;:&quot;26071&quot;,&quot;type&quot;:&quot;RAYON&quot;,&quot;picto&quot;:null,&quot;level&quot;:4,&quot;sellerId&quot;:null,&quot;slug&quot;:&quot;jeux-pc&quot;,&quot;selected&quot;:false,&quot;children&quot;:null,&quot;layers&quot;:&quot;\/navigation\/26071\/layers&quot;,&quot;link&quot;:&quot;\/r\/jeux-videos-culture\/consoles-jeux-videos\/jeux-pc-accessoires\/jeux-pc&quot;},{&quot;name&quot;:&quot;Accessoires gaming PC&quot;,&quot;code&quot;:&quot;R18F01SF07SS02&quot;,&quot;id&quot;:&quot;26073&quot;,&quot;type&quot;:&quot;RAYON&quot;,&quot;picto&quot;:null,&quot;level&quot;:4,&quot;sellerId&quot;:null,&quot;slug&quot;:&quot;accessoires-gaming-pc&quot;,&quot;selected&quot;:false,&quot;children&quot;:null,&quot;layers&quot;:&quot;\/navigation\/26073\/layers&quot;,&quot;link&quot;:&quot;\/r\/jeux-videos-culture\/consoles-jeux-videos\/jeux-pc-accessoires\/accessoires-gaming-pc&quot;}],&quot;layers&quot;:&quot;\/navigation\/26067\/layers&quot;,&quot;link&quot;:&quot;\/r\/jeux-videos-culture\/consoles-jeux-videos\/jeux-pc-accessoires&quot;},{&quot;name&quot;:&quot;Abonnements &quot;,&quot;code&quot;:&quot;R18F01SF08&quot;,&quot;id&quot;:&quot;26077&quot;,&quot;type&quot;:&quot;RAYON&quot;,&quot;picto&quot;:null,&quot;level&quot;:3,&quot;sellerId&quot;:null,&quot;slug&quot;:&quot;abonnements&quot;,&quot;selected&quot;:false,&quot;children&quot;:null,&quot;layers&quot;:&quot;\/navigation\/26077\/layers&quot;,&quot;link&quot;:&quot;\/r\/jeux-videos-culture\/consoles-jeux-videos\/abonnements&quot;}],&quot;layers&quot;:&quot;\/navigation\/26029\/layers&quot;,&quot;link&quot;:&quot;\/r\/jeux-videos-culture\/consoles-jeux-videos&quot;},{&quot;name&quot;:&quot;Figurines POP&quot;,&quot;code&quot;:&quot;R18F02&quot;,&quot;id&quot;:&quot;26030&quot;,&quot;type&quot;:&quot;RAYON&quot;,&quot;picto&quot;:null,&quot;level&quot;:2,&quot;sellerId&quot;:null,&quot;slug&quot;:&quot;figurines-pop&quot;,&quot;selected&quot;:false,&quot;children&quot;:null,&quot;layers&quot;:&quot;\/navigation\/26030\/layers&quot;,&quot;link&quot;:&quot;\/r\/jeux-videos-culture\/figurines-pop&quot;},{&quot;name&quot;:&quot;Livres et BDs&quot;,&quot;code&quot;:&quot;R18F03&quot;,&quot;id&quot;:&quot;26090&quot;,&quot;type&quot;:&quot;RAYON&quot;,&quot;picto&quot;:null,&quot;level&quot;:2,&quot;sellerId&quot;:null,&quot;slug&quot;:&quot;livres-bds&quot;,&quot;selected&quot;:false,&quot;children&quot;:[{&quot;name&quot;:&quot;Romans et Litt\u00e9rature&quot;,&quot;code&quot;:&quot;R18F03SF01&quot;,&quot;id&quot;:&quot;26091&quot;,&quot;type&quot;:&quot;RAYON&quot;,&quot;picto&quot;:null,&quot;level&quot;:3,&quot;sellerId&quot;:null,&quot;slug&quot;:&quot;romans-litteraires&quot;,&quot;selected&quot;:false,&quot;children&quot;:null,&quot;layers&quot;:&quot;\/navigation\/26091\/layers&quot;,&quot;link&quot;:&quot;\/r\/jeux-videos-culture\/livres-bds\/romans-litteraires&quot;},{&quot;name&quot;:&quot;BDs et Mangas&quot;,&quot;code&quot;:&quot;R18F03SF02&quot;,&quot;id&quot;:&quot;26092&quot;,&quot;type&quot;:&quot;RAYON&quot;,&quot;picto&quot;:null,&quot;level&quot;:3,&quot;sellerId&quot;:null,&quot;slug&quot;:&quot;bds-mangas&quot;,&quot;selected&quot;:false,&quot;children&quot;:null,&quot;layers&quot;:&quot;\/navigation\/26092\/layers&quot;,&quot;link&quot;:&quot;\/r\/jeux-videos-culture\/livres-bds\/bds-mangas&quot;},{&quot;name&quot;:&quot;Jeunesse&quot;,&quot;code&quot;:&quot;R18F03SF03&quot;,&quot;id&quot;:&quot;26093&quot;,&quot;type&quot;:&quot;RAYON&quot;,&quot;picto&quot;:null,&quot;level&quot;:3,&quot;sellerId&quot;:null,&quot;slug&quot;:&quot;jeunesse&quot;,&quot;selected&quot;:false,&quot;children&quot;:null,&quot;layers&quot;:&quot;\/navigation\/26093\/layers&quot;,&quot;link&quot;:&quot;\/r\/jeux-videos-culture\/livres-bds\/jeunesse&quot;},{&quot;name&quot;:&quot;Loisirs, Art de vivre et Recettes&quot;,&quot;code&quot;:&quot;R18F03SF04&quot;,&quot;id&quot;:&quot;26094&quot;,&quot;type&quot;:&quot;RAYON&quot;,&quot;picto&quot;:null,&quot;level&quot;:3,&quot;sellerId&quot;:null,&quot;slug&quot;:&quot;loisirs-art-de-vivre-recettes&quot;,&quot;selected&quot;:false,&quot;children&quot;:null,&quot;layers&quot;:&quot;\/navigation\/26094\/layers&quot;,&quot;link&quot;:&quot;\/r\/jeux-videos-culture\/livres-bds\/loisirs-art-de-vivre-recettes&quot;},{&quot;name&quot;:&quot;Cahiers de vacances&quot;,&quot;code&quot;:&quot;R18F03SF05&quot;,&quot;id&quot;:&quot;26095&quot;,&quot;type&quot;:&quot;RAYON&quot;,&quot;picto&quot;:null,&quot;level&quot;:3,&quot;sellerId&quot;:null,&quot;slug&quot;:&quot;cahiers-de-vacances&quot;,&quot;selected&quot;:false,&quot;children&quot;:null,&quot;layers&quot;:&quot;\/navigation\/26095\/layers&quot;,&quot;link&quot;:&quot;\/r\/jeux-videos-culture\/livres-bds\/cahiers-de-vacances&quot;},{&quot;name&quot;:&quot;Dictionnaires et Livres Scolaires&quot;,&quot;code&quot;:&quot;R18F03SF06&quot;,&quot;id&quot;:&quot;26096&quot;,&quot;type&quot;:&quot;RAYON&quot;,&quot;picto&quot;:null,&quot;level&quot;:3,&quot;sellerId&quot;:null,&quot;slug&quot;:&quot;dictionnaires-manuels-scolaires-universitaires&quot;,&quot;selected&quot;:false,&quot;children&quot;:null,&quot;layers&quot;:&quot;\/navigation\/26096\/layers&quot;,&quot;link&quot;:&quot;\/r\/jeux-videos-culture\/livres-bds\/dictionnaires-manuels-scolaires-universitaires&quot;},{&quot;name&quot;:&quot;Autres livres&quot;,&quot;code&quot;:&quot;R18F03SF08&quot;,&quot;id&quot;:&quot;26098&quot;,&quot;type&quot;:&quot;RAYON&quot;,&quot;picto&quot;:null,&quot;level&quot;:3,&quot;sellerId&quot;:null,&quot;slug&quot;:&quot;autres-livres&quot;,&quot;selected&quot;:false,&quot;children&quot;:null,&quot;layers&quot;:&quot;\/navigation\/26098\/layers&quot;,&quot;link&quot;:&quot;\/r\/jeux-videos-culture\/livres-bds\/autres-livres&quot;}],&quot;layers&quot;:&quot;\/navigation\/26090\/layers&quot;,&quot;link&quot;:&quot;\/r\/jeux-videos-culture\/livres-bds&quot;},{&quot;name&quot;:&quot;DVDs et CDs&quot;,&quot;code&quot;:&quot;R18F04&quot;,&quot;id&quot;:&quot;26034&quot;,&quot;type&quot;:&quot;RAYON&quot;,&quot;picto&quot;:null,&quot;level&quot;:2,&quot;sellerId&quot;:null,&quot;slug&quot;:&quot;dvd-cd-livres&quot;,&quot;selected&quot;:false,&quot;children&quot;:[{&quot;name&quot;:&quot;DVDs et Blu-ray&quot;,&quot;code&quot;:&quot;R18F04SF01&quot;,&quot;id&quot;:&quot;26079&quot;,&quot;type&quot;:&quot;RAYON&quot;,&quot;picto&quot;:null,&quot;level&quot;:3,&quot;sellerId&quot;:null,&quot;slug&quot;:&quot;dvds-blu-ray&quot;,&quot;selected&quot;:false,&quot;children&quot;:[{&quot;name&quot;:&quot;S\u00e9ries TV&quot;,&quot;code&quot;:&quot;R18F04SF01SS01&quot;,&quot;id&quot;:&quot;26080&quot;,&quot;type&quot;:&quot;RAYON&quot;,&quot;picto&quot;:null,&quot;level&quot;:4,&quot;sellerId&quot;:null,&quot;slug&quot;:&quot;series-tv&quot;,&quot;selected&quot;:false,&quot;children&quot;:null,&quot;layers&quot;:&quot;\/navigation\/26080\/layers&quot;,&quot;link&quot;:&quot;\/r\/jeux-videos-culture\/dvd-cd-livres\/dvds-blu-ray\/series-tv&quot;},{&quot;name&quot;:&quot;Action et Aventure&quot;,&quot;code&quot;:&quot;R18F04SF01SS02&quot;,&quot;id&quot;:&quot;26081&quot;,&quot;type&quot;:&quot;RAYON&quot;,&quot;picto&quot;:null,&quot;level&quot;:4,&quot;sellerId&quot;:null,&quot;slug&quot;:&quot;action-aventure&quot;,&quot;selected&quot;:false,&quot;children&quot;:null,&quot;layers&quot;:&quot;\/navigation\/26081\/layers&quot;,&quot;link&quot;:&quot;\/r\/jeux-videos-culture\/dvd-cd-livres\/dvds-blu-ray\/action-aventure&quot;},{&quot;name&quot;:&quot;Com\u00e9die, Humour et Spectacle&quot;,&quot;code&quot;:&quot;R18F04SF01SS03&quot;,&quot;id&quot;:&quot;26082&quot;,&quot;type&quot;:&quot;RAYON&quot;,&quot;picto&quot;:null,&quot;level&quot;:4,&quot;sellerId&quot;:null,&quot;slug&quot;:&quot;comedie-humour-spectacles&quot;,&quot;selected&quot;:false,&quot;children&quot;:null,&quot;layers&quot;:&quot;\/navigation\/26082\/layers&quot;,&quot;link&quot;:&quot;\/r\/jeux-videos-culture\/dvd-cd-livres\/dvds-blu-ray\/comedie-humour-spectacles&quot;},{&quot;name&quot;:&quot;Dessins anim\u00e9s&quot;,&quot;code&quot;:&quot;R18F04SF01SS04&quot;,&quot;id&quot;:&quot;26083&quot;,&quot;type&quot;:&quot;RAYON&quot;,&quot;picto&quot;:null,&quot;level&quot;:4,&quot;sellerId&quot;:null,&quot;slug&quot;:&quot;dessins-animes&quot;,&quot;selected&quot;:false,&quot;children&quot;:null,&quot;layers&quot;:&quot;\/navigation\/26083\/layers&quot;,&quot;link&quot;:&quot;\/r\/jeux-videos-culture\/dvd-cd-livres\/dvds-blu-ray\/dessins-animes&quot;},{&quot;name&quot;:&quot;Enfant et Jeunesse&quot;,&quot;code&quot;:&quot;R18F04SF01SS05&quot;,&quot;id&quot;:&quot;26084&quot;,&quot;type&quot;:&quot;RAYON&quot;,&quot;picto&quot;:null,&quot;level&quot;:4,&quot;sellerId&quot;:null,&quot;slug&quot;:&quot;enfant-jeunesse&quot;,&quot;selected&quot;:false,&quot;children&quot;:null,&quot;layers&quot;:&quot;\/navigation\/26084\/layers&quot;,&quot;link&quot;:&quot;\/r\/jeux-videos-culture\/dvd-cd-livres\/dvds-blu-ray\/enfant-jeunesse&quot;},{&quot;name&quot;:&quot;Policier et Thriller&quot;,&quot;code&quot;:&quot;R18F04SF01SS06&quot;,&quot;id&quot;:&quot;26085&quot;,&quot;type&quot;:&quot;RAYON&quot;,&quot;picto&quot;:null,&quot;level&quot;:4,&quot;sellerId&quot;:null,&quot;slug&quot;:&quot;policier-thriller&quot;,&quot;selected&quot;:false,&quot;children&quot;:null,&quot;layers&quot;:&quot;\/navigation\/26085\/layers&quot;,&quot;link&quot;:&quot;\/r\/jeux-videos-culture\/dvd-cd-livres\/dvds-blu-ray\/policier-thriller&quot;},{&quot;name&quot;:&quot;Fantastique et Science-Fiction&quot;,&quot;code&quot;:&quot;R18F04SF01SS08&quot;,&quot;id&quot;:&quot;26946&quot;,&quot;type&quot;:&quot;RAYON&quot;,&quot;picto&quot;:null,&quot;level&quot;:4,&quot;sellerId&quot;:null,&quot;slug&quot;:&quot;fantastique-science-fiction&quot;,&quot;selected&quot;:false,&quot;children&quot;:null,&quot;layers&quot;:&quot;\/navigation\/26946\/layers&quot;,&quot;link&quot;:&quot;\/r\/jeux-videos-culture\/dvd-cd-livres\/dvds-blu-ray\/fantastique-science-fiction&quot;},{&quot;name&quot;:&quot;Drame et Emotion&quot;,&quot;code&quot;:&quot;R18F04SF01SS09&quot;,&quot;id&quot;:&quot;26947&quot;,&quot;type&quot;:&quot;RAYON&quot;,&quot;picto&quot;:null,&quot;level&quot;:4,&quot;sellerId&quot;:null,&quot;slug&quot;:&quot;drame-emotion&quot;,&quot;selected&quot;:false,&quot;children&quot;:null,&quot;layers&quot;:&quot;\/navigation\/26947\/layers&quot;,&quot;link&quot;:&quot;\/r\/jeux-videos-culture\/dvd-cd-livres\/dvds-blu-ray\/drame-emotion&quot;},{&quot;name&quot;:&quot;Horreur&quot;,&quot;code&quot;:&quot;R18F04SF01SS10&quot;,&quot;id&quot;:&quot;28607&quot;,&quot;type&quot;:&quot;RAYON&quot;,&quot;picto&quot;:null,&quot;level&quot;:4,&quot;sellerId&quot;:null,&quot;slug&quot;:&quot;horreur&quot;,&quot;selected&quot;:false,&quot;children&quot;:null,&quot;layers&quot;:&quot;\/navigation\/28607\/layers&quot;,&quot;link&quot;:&quot;\/r\/jeux-videos-culture\/dvd-cd-livres\/dvds-blu-ray\/horreur&quot;},{&quot;name&quot;:&quot;Autres DVDs&quot;,&quot;code&quot;:&quot;R18F04SF01SS11&quot;,&quot;id&quot;:&quot;28608&quot;,&quot;type&quot;:&quot;RAYON&quot;,&quot;picto&quot;:null,&quot;level&quot;:4,&quot;sellerId&quot;:null,&quot;slug&quot;:&quot;autres-dvd&quot;,&quot;selected&quot;:false,&quot;children&quot;:null,&quot;layers&quot;:&quot;\/navigation\/28608\/layers&quot;,&quot;link&quot;:&quot;\/r\/jeux-videos-culture\/dvd-cd-livres\/dvds-blu-ray\/autres-dvd&quot;}],&quot;layers&quot;:&quot;\/navigation\/26079\/layers&quot;,&quot;link&quot;:&quot;\/r\/jeux-videos-culture\/dvd-cd-livres\/dvds-blu-ray&quot;},{&quot;name&quot;:&quot;CDs et Vinyle&quot;,&quot;code&quot;:&quot;R18F04SF02&quot;,&quot;id&quot;:&quot;26087&quot;,&quot;type&quot;:&quot;RAYON&quot;,&quot;picto&quot;:null,&quot;level&quot;:3,&quot;sellerId&quot;:null,&quot;slug&quot;:&quot;cds-vinyles&quot;,&quot;selected&quot;:false,&quot;children&quot;:[{&quot;name&quot;:&quot;Vinyles&quot;,&quot;code&quot;:&quot;R18F04SF02SS01&quot;,&quot;id&quot;:&quot;26088&quot;,&quot;type&quot;:&quot;RAYON&quot;,&quot;picto&quot;:null,&quot;level&quot;:4,&quot;sellerId&quot;:null,&quot;slug&quot;:&quot;vinyles&quot;,&quot;selected&quot;:false,&quot;children&quot;:null,&quot;layers&quot;:&quot;\/navigation\/26088\/layers&quot;,&quot;link&quot;:&quot;\/r\/jeux-videos-culture\/dvd-cd-livres\/cds-vinyles\/vinyles&quot;},{&quot;name&quot;:&quot;CDs&quot;,&quot;code&quot;:&quot;R18F04SF02SS02&quot;,&quot;id&quot;:&quot;26089&quot;,&quot;type&quot;:&quot;RAYON&quot;,&quot;picto&quot;:null,&quot;level&quot;:4,&quot;sellerId&quot;:null,&quot;slug&quot;:&quot;cds&quot;,&quot;selected&quot;:false,&quot;children&quot;:null,&quot;layers&quot;:&quot;\/navigation\/26089\/layers&quot;,&quot;link&quot;:&quot;\/r\/jeux-videos-culture\/dvd-cd-livres\/cds-vinyles\/cds&quot;}],&quot;layers&quot;:&quot;\/navigation\/26087\/layers&quot;,&quot;link&quot;:&quot;\/r\/jeux-videos-culture\/dvd-cd-livres\/cds-vinyles&quot;}],&quot;layers&quot;:&quot;\/navigation\/26034\/layers&quot;,&quot;link&quot;:&quot;\/r\/jeux-videos-culture\/dvd-cd-livres&quot;},{&quot;name&quot;:&quot;Instruments de musique&quot;,&quot;code&quot;:&quot;R18F05&quot;,&quot;id&quot;:&quot;26870&quot;,&quot;type&quot;:&quot;RAYON&quot;,&quot;picto&quot;:null,&quot;level&quot;:2,&quot;sellerId&quot;:null,&quot;slug&quot;:&quot;instruments-de-musique&quot;,&quot;selected&quot;:false,&quot;children&quot;:null,&quot;layers&quot;:&quot;\/navigation\/26870\/layers&quot;,&quot;link&quot;:&quot;\/r\/jeux-videos-culture\/instruments-de-musique&quot;}],&quot;layers&quot;:&quot;\/navigation\/26021\/layers&quot;,&quot;link&quot;:&quot;\/r\/jeux-videos-culture&quot;},{&quot;name&quot;:&quot;Smartphones et Objets Connect\u00e9s&quot;,&quot;code&quot;:&quot;R19&quot;,&quot;id&quot;:&quot;26020&quot;,&quot;type&quot;:&quot;RAYON&quot;,&quot;picto&quot;:&quot;https:\/\/media.carrefour.fr\/medias\/82100b15c14730fb89c80a9f454006c6\/p_96x96\/26020.jpg&quot;,&quot;level&quot;:1,&quot;sellerId&quot;:null,&quot;slug&quot;:&quot;smartphones-objets-connectes&quot;,&quot;selected&quot;:false,&quot;children&quot;:[{&quot;name&quot;:&quot;Smartphones et iPhone&quot;,&quot;code&quot;:&quot;R19F01&quot;,&quot;id&quot;:&quot;26052&quot;,&quot;type&quot;:&quot;RAYON&quot;,&quot;picto&quot;:null,&quot;level&quot;:2,&quot;sellerId&quot;:null,&quot;slug&quot;:&quot;smartphones-iphone&quot;,&quot;selected&quot;:false,&quot;children&quot;:[{&quot;name&quot;:&quot;Samsung&quot;,&quot;code&quot;:&quot;R19F01SF01&quot;,&quot;id&quot;:&quot;26270&quot;,&quot;type&quot;:&quot;RAYON&quot;,&quot;picto&quot;:null,&quot;level&quot;:3,&quot;sellerId&quot;:null,&quot;slug&quot;:&quot;samsung&quot;,&quot;selected&quot;:false,&quot;children&quot;:null,&quot;layers&quot;:&quot;\/navigation\/26270\/layers&quot;,&quot;link&quot;:&quot;\/r\/smartphones-objets-connectes\/smartphones-iphone\/samsung&quot;},{&quot;name&quot;:&quot;Apple&quot;,&quot;code&quot;:&quot;R19F01SF02&quot;,&quot;id&quot;:&quot;26271&quot;,&quot;type&quot;:&quot;RAYON&quot;,&quot;picto&quot;:null,&quot;level&quot;:3,&quot;sellerId&quot;:null,&quot;slug&quot;:&quot;apple&quot;,&quot;selected&quot;:false,&quot;children&quot;:null,&quot;layers&quot;:&quot;\/navigation\/26271\/layers&quot;,&quot;link&quot;:&quot;\/r\/smartphones-objets-connectes\/smartphones-iphone\/apple&quot;},{&quot;name&quot;:&quot;Huawei&quot;,&quot;code&quot;:&quot;R19F01SF03&quot;,&quot;id&quot;:&quot;26272&quot;,&quot;type&quot;:&quot;RAYON&quot;,&quot;picto&quot;:null,&quot;level&quot;:3,&quot;sellerId&quot;:null,&quot;slug&quot;:&quot;huawei&quot;,&quot;selected&quot;:false,&quot;children&quot;:null,&quot;layers&quot;:&quot;\/navigation\/26272\/layers&quot;,&quot;link&quot;:&quot;\/r\/smartphones-objets-connectes\/smartphones-iphone\/huawei&quot;},{&quot;name&quot;:&quot;Xiaomi&quot;,&quot;code&quot;:&quot;R19F01SF04&quot;,&quot;id&quot;:&quot;26273&quot;,&quot;type&quot;:&quot;RAYON&quot;,&quot;picto&quot;:null,&quot;level&quot;:3,&quot;sellerId&quot;:null,&quot;slug&quot;:&quot;xiaomi&quot;,&quot;selected&quot;:false,&quot;children&quot;:null,&quot;layers&quot;:&quot;\/navigation\/26273\/layers&quot;,&quot;link&quot;:&quot;\/r\/smartphones-objets-connectes\/smartphones-iphone\/xiaomi&quot;},{&quot;name&quot;:&quot;Oppo&quot;,&quot;code&quot;:&quot;R19F01SF05&quot;,&quot;id&quot;:&quot;26274&quot;,&quot;type&quot;:&quot;RAYON&quot;,&quot;picto&quot;:null,&quot;level&quot;:3,&quot;sellerId&quot;:null,&quot;slug&quot;:&quot;oppo&quot;,&quot;selected&quot;:false,&quot;children&quot;:null,&quot;layers&quot;:&quot;\/navigation\/26274\/layers&quot;,&quot;link&quot;:&quot;\/r\/smartphones-objets-connectes\/smartphones-iphone\/oppo&quot;},{&quot;name&quot;:&quot;Nokia&quot;,&quot;code&quot;:&quot;R19F01SF07&quot;,&quot;id&quot;:&quot;26276&quot;,&quot;type&quot;:&quot;RAYON&quot;,&quot;picto&quot;:null,&quot;level&quot;:3,&quot;sellerId&quot;:null,&quot;slug&quot;:&quot;nokia&quot;,&quot;selected&quot;:false,&quot;children&quot;:null,&quot;layers&quot;:&quot;\/navigation\/26276\/layers&quot;,&quot;link&quot;:&quot;\/r\/smartphones-objets-connectes\/smartphones-iphone\/nokia&quot;},{&quot;name&quot;:&quot;Wiko&quot;,&quot;code&quot;:&quot;R19F01SF08&quot;,&quot;id&quot;:&quot;26277&quot;,&quot;type&quot;:&quot;RAYON&quot;,&quot;picto&quot;:null,&quot;level&quot;:3,&quot;sellerId&quot;:null,&quot;slug&quot;:&quot;wiko&quot;,&quot;selected&quot;:false,&quot;children&quot;:null,&quot;layers&quot;:&quot;\/navigation\/26277\/layers&quot;,&quot;link&quot;:&quot;\/r\/smartphones-objets-connectes\/smartphones-iphone\/wiko&quot;},{&quot;name&quot;:&quot;Reconditionn\u00e9&quot;,&quot;code&quot;:&quot;R19F01SF09&quot;,&quot;id&quot;:&quot;26278&quot;,&quot;type&quot;:&quot;RAYON&quot;,&quot;picto&quot;:null,&quot;level&quot;:3,&quot;sellerId&quot;:null,&quot;slug&quot;:&quot;reconditionne&quot;,&quot;selected&quot;:false,&quot;children&quot;:null,&quot;layers&quot;:&quot;\/navigation\/26278\/layers&quot;,&quot;link&quot;:&quot;\/r\/smartphones-objets-connectes\/smartphones-iphone\/reconditionne&quot;},{&quot;name&quot;:&quot;Autres marques&quot;,&quot;code&quot;:&quot;R19F01SF10&quot;,&quot;id&quot;:&quot;26893&quot;,&quot;type&quot;:&quot;RAYON&quot;,&quot;picto&quot;:null,&quot;level&quot;:3,&quot;sellerId&quot;:null,&quot;slug&quot;:&quot;autres-marques&quot;,&quot;selected&quot;:false,&quot;children&quot;:null,&quot;layers&quot;:&quot;\/navigation\/26893\/layers&quot;,&quot;link&quot;:&quot;\/r\/smartphones-objets-connectes\/smartphones-iphone\/autres-marques&quot;},{&quot;name&quot;:&quot;Accessoires de smartphone&quot;,&quot;code&quot;:&quot;R19F01SF11&quot;,&quot;id&quot;:&quot;26279&quot;,&quot;type&quot;:&quot;RAYON&quot;,&quot;picto&quot;:null,&quot;level&quot;:3,&quot;sellerId&quot;:null,&quot;slug&quot;:&quot;accessoires-smartphone&quot;,&quot;selected&quot;:false,&quot;children&quot;:[{&quot;name&quot;:&quot;Batteries externes&quot;,&quot;code&quot;:&quot;R19F01SF11SS01&quot;,&quot;id&quot;:&quot;26438&quot;,&quot;type&quot;:&quot;RAYON&quot;,&quot;picto&quot;:null,&quot;level&quot;:4,&quot;sellerId&quot;:null,&quot;slug&quot;:&quot;batteries-externes&quot;,&quot;selected&quot;:false,&quot;children&quot;:null,&quot;layers&quot;:&quot;\/navigation\/26438\/layers&quot;,&quot;link&quot;:&quot;\/r\/smartphones-objets-connectes\/smartphones-iphone\/accessoires-smartphone\/batteries-externes&quot;},{&quot;name&quot;:&quot;Chargeurs de smartphone&quot;,&quot;code&quot;:&quot;R19F01SF11SS02&quot;,&quot;id&quot;:&quot;26442&quot;,&quot;type&quot;:&quot;RAYON&quot;,&quot;picto&quot;:null,&quot;level&quot;:4,&quot;sellerId&quot;:null,&quot;slug&quot;:&quot;chargeurs-de-smartphone&quot;,&quot;selected&quot;:false,&quot;children&quot;:null,&quot;layers&quot;:&quot;\/navigation\/26442\/layers&quot;,&quot;link&quot;:&quot;\/r\/smartphones-objets-connectes\/smartphones-iphone\/accessoires-smartphone\/chargeurs-de-smartphone&quot;},{&quot;name&quot;:&quot;Housses, coques et popsockets de smartphone&quot;,&quot;code&quot;:&quot;R19F01SF11SS03&quot;,&quot;id&quot;:&quot;26445&quot;,&quot;type&quot;:&quot;RAYON&quot;,&quot;picto&quot;:null,&quot;level&quot;:4,&quot;sellerId&quot;:null,&quot;slug&quot;:&quot;housses-coques-de-smartphone&quot;,&quot;selected&quot;:false,&quot;children&quot;:null,&quot;layers&quot;:&quot;\/navigation\/26445\/layers&quot;,&quot;link&quot;:&quot;\/r\/smartphones-objets-connectes\/smartphones-iphone\/accessoires-smartphone\/housses-coques-de-smartphone&quot;},{&quot;name&quot;:&quot;Protections \u00e9cran de smartphone&quot;,&quot;code&quot;:&quot;R19F01SF11SS04&quot;,&quot;id&quot;:&quot;26447&quot;,&quot;type&quot;:&quot;RAYON&quot;,&quot;picto&quot;:null,&quot;level&quot;:4,&quot;sellerId&quot;:null,&quot;slug&quot;:&quot;protections-ecran-de-smartphone&quot;,&quot;selected&quot;:false,&quot;children&quot;:null,&quot;layers&quot;:&quot;\/navigation\/26447\/layers&quot;,&quot;link&quot;:&quot;\/r\/smartphones-objets-connectes\/smartphones-iphone\/accessoires-smartphone\/protections-ecran-de-smartphone&quot;}],&quot;layers&quot;:&quot;\/navigation\/26279\/layers&quot;,&quot;link&quot;:&quot;\/r\/smartphones-objets-connectes\/smartphones-iphone\/accessoires-smartphone&quot;}],&quot;layers&quot;:&quot;\/navigation\/26052\/layers&quot;,&quot;link&quot;:&quot;\/r\/smartphones-objets-connectes\/smartphones-iphone&quot;},{&quot;name&quot;:&quot;Montres Connect\u00e9es&quot;,&quot;code&quot;:&quot;R19F02&quot;,&quot;id&quot;:&quot;26061&quot;,&quot;type&quot;:&quot;RAYON&quot;,&quot;picto&quot;:null,&quot;level&quot;:2,&quot;sellerId&quot;:null,&quot;slug&quot;:&quot;montres-connectees&quot;,&quot;selected&quot;:false,&quot;children&quot;:[{&quot;name&quot;:&quot;Samsung Galaxy Watch&quot;,&quot;code&quot;:&quot;R19F02SF01&quot;,&quot;id&quot;:&quot;26280&quot;,&quot;type&quot;:&quot;RAYON&quot;,&quot;picto&quot;:null,&quot;level&quot;:3,&quot;sellerId&quot;:null,&quot;slug&quot;:&quot;samsung-galaxy-watch&quot;,&quot;selected&quot;:false,&quot;children&quot;:null,&quot;layers&quot;:&quot;\/navigation\/26280\/layers&quot;,&quot;link&quot;:&quot;\/r\/smartphones-objets-connectes\/montres-connectees\/samsung-galaxy-watch&quot;},{&quot;name&quot;:&quot;Bracelets connect\u00e9s&quot;,&quot;code&quot;:&quot;R19F02SF05&quot;,&quot;id&quot;:&quot;26284&quot;,&quot;type&quot;:&quot;RAYON&quot;,&quot;picto&quot;:null,&quot;level&quot;:3,&quot;sellerId&quot;:null,&quot;slug&quot;:&quot;bracelets-connectes&quot;,&quot;selected&quot;:false,&quot;children&quot;:null,&quot;layers&quot;:&quot;\/navigation\/26284\/layers&quot;,&quot;link&quot;:&quot;\/r\/smartphones-objets-connectes\/montres-connectees\/bracelets-connectes&quot;}],&quot;layers&quot;:&quot;\/navigation\/26061\/layers&quot;,&quot;link&quot;:&quot;\/r\/smartphones-objets-connectes\/montres-connectees&quot;},{&quot;name&quot;:&quot;Objets Connect\u00e9s&quot;,&quot;code&quot;:&quot;R19F03&quot;,&quot;id&quot;:&quot;26063&quot;,&quot;type&quot;:&quot;RAYON&quot;,&quot;picto&quot;:null,&quot;level&quot;:2,&quot;sellerId&quot;:null,&quot;slug&quot;:&quot;objets-connectees&quot;,&quot;selected&quot;:false,&quot;children&quot;:[{&quot;name&quot;:&quot;S\u00e9curit\u00e9 connect\u00e9e&quot;,&quot;code&quot;:&quot;R19F03SF01&quot;,&quot;id&quot;:&quot;26285&quot;,&quot;type&quot;:&quot;RAYON&quot;,&quot;picto&quot;:null,&quot;level&quot;:3,&quot;sellerId&quot;:null,&quot;slug&quot;:&quot;securite-connectee&quot;,&quot;selected&quot;:false,&quot;children&quot;:[{&quot;name&quot;:&quot;Cam\u00e9ras de surveillance&quot;,&quot;code&quot;:&quot;R19F03SF01SS01&quot;,&quot;id&quot;:&quot;26449&quot;,&quot;type&quot;:&quot;RAYON&quot;,&quot;picto&quot;:null,&quot;level&quot;:4,&quot;sellerId&quot;:null,&quot;slug&quot;:&quot;cameras-de-surveillance&quot;,&quot;selected&quot;:false,&quot;children&quot;:null,&quot;layers&quot;:&quot;\/navigation\/26449\/layers&quot;,&quot;link&quot;:&quot;\/r\/smartphones-objets-connectes\/objets-connectees\/securite-connectee\/cameras-de-surveillance&quot;}],&quot;layers&quot;:&quot;\/navigation\/26285\/layers&quot;,&quot;link&quot;:&quot;\/r\/smartphones-objets-connectes\/objets-connectees\/securite-connectee&quot;},{&quot;name&quot;:&quot;Energie connect\u00e9e&quot;,&quot;code&quot;:&quot;R19F03SF02&quot;,&quot;id&quot;:&quot;26286&quot;,&quot;type&quot;:&quot;RAYON&quot;,&quot;picto&quot;:null,&quot;level&quot;:3,&quot;sellerId&quot;:null,&quot;slug&quot;:&quot;energie-connectee&quot;,&quot;selected&quot;:false,&quot;children&quot;:[{&quot;name&quot;:&quot;Ampoules connect\u00e9es&quot;,&quot;code&quot;:&quot;R19F03SF02SS01&quot;,&quot;id&quot;:&quot;26453&quot;,&quot;type&quot;:&quot;RAYON&quot;,&quot;picto&quot;:null,&quot;level&quot;:4,&quot;sellerId&quot;:null,&quot;slug&quot;:&quot;ampoules-connectees&quot;,&quot;selected&quot;:false,&quot;children&quot;:null,&quot;layers&quot;:&quot;\/navigation\/26453\/layers&quot;,&quot;link&quot;:&quot;\/r\/smartphones-objets-connectes\/objets-connectees\/energie-connectee\/ampoules-connectees&quot;}],&quot;layers&quot;:&quot;\/navigation\/26286\/layers&quot;,&quot;link&quot;:&quot;\/r\/smartphones-objets-connectes\/objets-connectees\/energie-connectee&quot;},{&quot;name&quot;:&quot;P\u00e8se-personne et Balances connect\u00e9es&quot;,&quot;code&quot;:&quot;R19F03SF03&quot;,&quot;id&quot;:&quot;26287&quot;,&quot;type&quot;:&quot;RAYON&quot;,&quot;picto&quot;:null,&quot;level&quot;:3,&quot;sellerId&quot;:null,&quot;slug&quot;:&quot;pese-personne-balances-connectees&quot;,&quot;selected&quot;:false,&quot;children&quot;:null,&quot;layers&quot;:&quot;\/navigation\/26287\/layers&quot;,&quot;link&quot;:&quot;\/r\/smartphones-objets-connectes\/objets-connectees\/pese-personne-balances-connectees&quot;}],&quot;layers&quot;:&quot;\/navigation\/26063\/layers&quot;,&quot;link&quot;:&quot;\/r\/smartphones-objets-connectes\/objets-connectees&quot;},{&quot;name&quot;:&quot;T\u00e9l\u00e9phones portables&quot;,&quot;code&quot;:&quot;R19F04&quot;,&quot;id&quot;:&quot;26066&quot;,&quot;type&quot;:&quot;RAYON&quot;,&quot;picto&quot;:null,&quot;level&quot;:2,&quot;sellerId&quot;:null,&quot;slug&quot;:&quot;telephones-portables&quot;,&quot;selected&quot;:false,&quot;children&quot;:null,&quot;layers&quot;:&quot;\/navigation\/26066\/layers&quot;,&quot;link&quot;:&quot;\/r\/smartphones-objets-connectes\/telephones-portables&quot;},{&quot;name&quot;:&quot;T\u00e9l\u00e9phones fixes&quot;,&quot;code&quot;:&quot;R19F05&quot;,&quot;id&quot;:&quot;26065&quot;,&quot;type&quot;:&quot;RAYON&quot;,&quot;picto&quot;:null,&quot;level&quot;:2,&quot;sellerId&quot;:null,&quot;slug&quot;:&quot;telephones-fixes&quot;,&quot;selected&quot;:false,&quot;children&quot;:null,&quot;layers&quot;:&quot;\/navigation\/26065\/layers&quot;,&quot;link&quot;:&quot;\/r\/smartphones-objets-connectes\/telephones-fixes&quot;}],&quot;layers&quot;:&quot;\/navigation\/26020\/layers&quot;,&quot;link&quot;:&quot;\/r\/smartphones-objets-connectes&quot;},{&quot;name&quot;:&quot;Image et Son&quot;,&quot;code&quot;:&quot;R20&quot;,&quot;id&quot;:&quot;26019&quot;,&quot;type&quot;:&quot;RAYON&quot;,&quot;picto&quot;:&quot;https:\/\/media.carrefour.fr\/medias\/a552ad27da6c3118b9a0eb04fafaaadc\/p_96x96\/26019.jpg&quot;,&quot;level&quot;:1,&quot;sellerId&quot;:null,&quot;slug&quot;:&quot;image-son&quot;,&quot;selected&quot;:false,&quot;children&quot;:[{&quot;name&quot;:&quot;TV et Vid\u00e9o&quot;,&quot;code&quot;:&quot;R20F01&quot;,&quot;id&quot;:&quot;26046&quot;,&quot;type&quot;:&quot;RAYON&quot;,&quot;picto&quot;:null,&quot;level&quot;:2,&quot;sellerId&quot;:null,&quot;slug&quot;:&quot;tv-video&quot;,&quot;selected&quot;:false,&quot;children&quot;:[{&quot;name&quot;:&quot;TV &quot;,&quot;code&quot;:&quot;R20F01SF01&quot;,&quot;id&quot;:&quot;26256&quot;,&quot;type&quot;:&quot;RAYON&quot;,&quot;picto&quot;:null,&quot;level&quot;:3,&quot;sellerId&quot;:null,&quot;slug&quot;:&quot;tv&quot;,&quot;selected&quot;:false,&quot;children&quot;:[{&quot;name&quot;:&quot;TV&quot;,&quot;code&quot;:&quot;R20F01SF01SS01&quot;,&quot;id&quot;:&quot;26486&quot;,&quot;type&quot;:&quot;RAYON&quot;,&quot;picto&quot;:null,&quot;level&quot;:4,&quot;sellerId&quot;:null,&quot;slug&quot;:&quot;tv&quot;,&quot;selected&quot;:false,&quot;children&quot;:null,&quot;layers&quot;:&quot;\/navigation\/26486\/layers&quot;,&quot;link&quot;:&quot;\/r\/image-son\/tv-video\/tv\/tv&quot;},{&quot;name&quot;:&quot;Smart TV&quot;,&quot;code&quot;:&quot;R20F01SF01SS02&quot;,&quot;id&quot;:&quot;26487&quot;,&quot;type&quot;:&quot;RAYON&quot;,&quot;picto&quot;:null,&quot;level&quot;:4,&quot;sellerId&quot;:null,&quot;slug&quot;:&quot;smart-tv&quot;,&quot;selected&quot;:false,&quot;children&quot;:null,&quot;layers&quot;:&quot;\/navigation\/26487\/layers&quot;,&quot;link&quot;:&quot;\/r\/image-son\/tv-video\/tv\/smart-tv&quot;}],&quot;layers&quot;:&quot;\/navigation\/26256\/layers&quot;,&quot;link&quot;:&quot;\/r\/image-son\/tv-video\/tv&quot;},{&quot;name&quot;:&quot;Home cin\u00e9ma et Barre de son &quot;,&quot;code&quot;:&quot;R20F01SF03&quot;,&quot;id&quot;:&quot;26258&quot;,&quot;type&quot;:&quot;RAYON&quot;,&quot;picto&quot;:null,&quot;level&quot;:3,&quot;sellerId&quot;:null,&quot;slug&quot;:&quot;home-cinema-barre-de-son&quot;,&quot;selected&quot;:false,&quot;children&quot;:[{&quot;name&quot;:&quot;Barres de son&quot;,&quot;code&quot;:&quot;R20F01SF03SS02&quot;,&quot;id&quot;:&quot;26493&quot;,&quot;type&quot;:&quot;RAYON&quot;,&quot;picto&quot;:null,&quot;level&quot;:4,&quot;sellerId&quot;:null,&quot;slug&quot;:&quot;barres-son&quot;,&quot;selected&quot;:false,&quot;children&quot;:null,&quot;layers&quot;:&quot;\/navigation\/26493\/layers&quot;,&quot;link&quot;:&quot;\/r\/image-son\/tv-video\/home-cinema-barre-de-son\/barres-son&quot;},{&quot;name&quot;:&quot;Lecteurs DVD et Blu-ray&quot;,&quot;code&quot;:&quot;R20F01SF03SS03&quot;,&quot;id&quot;:&quot;26494&quot;,&quot;type&quot;:&quot;RAYON&quot;,&quot;picto&quot;:null,&quot;level&quot;:4,&quot;sellerId&quot;:null,&quot;slug&quot;:&quot;lecteurs-dvd-blu-ray&quot;,&quot;selected&quot;:false,&quot;children&quot;:null,&quot;layers&quot;:&quot;\/navigation\/26494\/layers&quot;,&quot;link&quot;:&quot;\/r\/image-son\/tv-video\/home-cinema-barre-de-son\/lecteurs-dvd-blu-ray&quot;}],&quot;layers&quot;:&quot;\/navigation\/26258\/layers&quot;,&quot;link&quot;:&quot;\/r\/image-son\/tv-video\/home-cinema-barre-de-son&quot;},{&quot;name&quot;:&quot;Accessoires TV, Vid\u00e9o et Meubles&quot;,&quot;code&quot;:&quot;R20F01SF04&quot;,&quot;id&quot;:&quot;26259&quot;,&quot;type&quot;:&quot;RAYON&quot;,&quot;picto&quot;:null,&quot;level&quot;:3,&quot;sellerId&quot;:null,&quot;slug&quot;:&quot;accessoires-tv-video-meubles&quot;,&quot;selected&quot;:false,&quot;children&quot;:[{&quot;name&quot;:&quot;Chromecast - Apple TV&quot;,&quot;code&quot;:&quot;R20F01SF04SS01&quot;,&quot;id&quot;:&quot;26498&quot;,&quot;type&quot;:&quot;RAYON&quot;,&quot;picto&quot;:null,&quot;level&quot;:4,&quot;sellerId&quot;:null,&quot;slug&quot;:&quot;chromecast-apple-tv&quot;,&quot;selected&quot;:false,&quot;children&quot;:null,&quot;layers&quot;:&quot;\/navigation\/26498\/layers&quot;,&quot;link&quot;:&quot;\/r\/image-son\/tv-video\/accessoires-tv-video-meubles\/chromecast-apple-tv&quot;},{&quot;name&quot;:&quot;T\u00e9l\u00e9commandes&quot;,&quot;code&quot;:&quot;R20F01SF04SS02&quot;,&quot;id&quot;:&quot;26496&quot;,&quot;type&quot;:&quot;RAYON&quot;,&quot;picto&quot;:null,&quot;level&quot;:4,&quot;sellerId&quot;:null,&quot;slug&quot;:&quot;telecommandes&quot;,&quot;selected&quot;:false,&quot;children&quot;:null,&quot;layers&quot;:&quot;\/navigation\/26496\/layers&quot;,&quot;link&quot;:&quot;\/r\/image-son\/tv-video\/accessoires-tv-video-meubles\/telecommandes&quot;},{&quot;name&quot;:&quot;Supports muraux TV&quot;,&quot;code&quot;:&quot;R20F01SF04SS03&quot;,&quot;id&quot;:&quot;26495&quot;,&quot;type&quot;:&quot;RAYON&quot;,&quot;picto&quot;:null,&quot;level&quot;:4,&quot;sellerId&quot;:null,&quot;slug&quot;:&quot;supports-muraux-tv&quot;,&quot;selected&quot;:false,&quot;children&quot;:null,&quot;layers&quot;:&quot;\/navigation\/26495\/layers&quot;,&quot;link&quot;:&quot;\/r\/image-son\/tv-video\/accessoires-tv-video-meubles\/supports-muraux-tv&quot;},{&quot;name&quot;:&quot;Connectiques et C\u00e2bles HDMI&quot;,&quot;code&quot;:&quot;R20F01SF04SS04&quot;,&quot;id&quot;:&quot;26497&quot;,&quot;type&quot;:&quot;RAYON&quot;,&quot;picto&quot;:null,&quot;level&quot;:4,&quot;sellerId&quot;:null,&quot;slug&quot;:&quot;connectiques-cables-hdmi&quot;,&quot;selected&quot;:false,&quot;children&quot;:null,&quot;layers&quot;:&quot;\/navigation\/26497\/layers&quot;,&quot;link&quot;:&quot;\/r\/image-son\/tv-video\/accessoires-tv-video-meubles\/connectiques-cables-hdmi&quot;},{&quot;name&quot;:&quot;Casques TV&quot;,&quot;code&quot;:&quot;R20F01SF04SS06&quot;,&quot;id&quot;:&quot;26500&quot;,&quot;type&quot;:&quot;RAYON&quot;,&quot;picto&quot;:null,&quot;level&quot;:4,&quot;sellerId&quot;:null,&quot;slug&quot;:&quot;casques-tv&quot;,&quot;selected&quot;:false,&quot;children&quot;:null,&quot;layers&quot;:&quot;\/navigation\/26500\/layers&quot;,&quot;link&quot;:&quot;\/r\/image-son\/tv-video\/accessoires-tv-video-meubles\/casques-tv&quot;},{&quot;name&quot;:&quot;D\u00e9codeurs et box TV&quot;,&quot;code&quot;:&quot;R20F01SF04SS07&quot;,&quot;id&quot;:&quot;27183&quot;,&quot;type&quot;:&quot;RAYON&quot;,&quot;picto&quot;:null,&quot;level&quot;:4,&quot;sellerId&quot;:null,&quot;slug&quot;:&quot;decodeur-box-tv&quot;,&quot;selected&quot;:false,&quot;children&quot;:null,&quot;layers&quot;:&quot;\/navigation\/27183\/layers&quot;,&quot;link&quot;:&quot;\/r\/image-son\/tv-video\/accessoires-tv-video-meubles\/decodeur-box-tv&quot;}],&quot;layers&quot;:&quot;\/navigation\/26259\/layers&quot;,&quot;link&quot;:&quot;\/r\/image-son\/tv-video\/accessoires-tv-video-meubles&quot;}],&quot;layers&quot;:&quot;\/navigation\/26046\/layers&quot;,&quot;link&quot;:&quot;\/r\/image-son\/tv-video&quot;},{&quot;name&quot;:&quot;Son&quot;,&quot;code&quot;:&quot;R20F02&quot;,&quot;id&quot;:&quot;26057&quot;,&quot;type&quot;:&quot;RAYON&quot;,&quot;picto&quot;:null,&quot;level&quot;:2,&quot;sellerId&quot;:null,&quot;slug&quot;:&quot;son&quot;,&quot;selected&quot;:false,&quot;children&quot;:[{&quot;name&quot;:&quot;Casques et Ecouteurs&quot;,&quot;code&quot;:&quot;R20F02SF01&quot;,&quot;id&quot;:&quot;26260&quot;,&quot;type&quot;:&quot;RAYON&quot;,&quot;picto&quot;:null,&quot;level&quot;:3,&quot;sellerId&quot;:null,&quot;slug&quot;:&quot;casques-ecouteurs&quot;,&quot;selected&quot;:false,&quot;children&quot;:[{&quot;name&quot;:&quot;Casques sans fil et Bluetooth&quot;,&quot;code&quot;:&quot;R20F02SF01SS01&quot;,&quot;id&quot;:&quot;26501&quot;,&quot;type&quot;:&quot;RAYON&quot;,&quot;picto&quot;:null,&quot;level&quot;:4,&quot;sellerId&quot;:null,&quot;slug&quot;:&quot;casques-sans-fil-bluetooth&quot;,&quot;selected&quot;:false,&quot;children&quot;:null,&quot;layers&quot;:&quot;\/navigation\/26501\/layers&quot;,&quot;link&quot;:&quot;\/r\/image-son\/son\/casques-ecouteurs\/casques-sans-fil-bluetooth&quot;},{&quot;name&quot;:&quot;Casques fil et arceau&quot;,&quot;code&quot;:&quot;R20F02SF01SS02&quot;,&quot;id&quot;:&quot;26502&quot;,&quot;type&quot;:&quot;RAYON&quot;,&quot;picto&quot;:null,&quot;level&quot;:4,&quot;sellerId&quot;:null,&quot;slug&quot;:&quot;casques-fil-arceau&quot;,&quot;selected&quot;:false,&quot;children&quot;:null,&quot;layers&quot;:&quot;\/navigation\/26502\/layers&quot;,&quot;link&quot;:&quot;\/r\/image-son\/son\/casques-ecouteurs\/casques-fil-arceau&quot;},{&quot;name&quot;:&quot;Ecouteurs &quot;,&quot;code&quot;:&quot;R20F02SF01SS04&quot;,&quot;id&quot;:&quot;26504&quot;,&quot;type&quot;:&quot;RAYON&quot;,&quot;picto&quot;:null,&quot;level&quot;:4,&quot;sellerId&quot;:null,&quot;slug&quot;:&quot;ecouteurs&quot;,&quot;selected&quot;:false,&quot;children&quot;:null,&quot;layers&quot;:&quot;\/navigation\/26504\/layers&quot;,&quot;link&quot;:&quot;\/r\/image-son\/son\/casques-ecouteurs\/ecouteurs&quot;},{&quot;name&quot;:&quot;Ecouteurs intra auriculaire&quot;,&quot;code&quot;:&quot;R20F02SF01SS05&quot;,&quot;id&quot;:&quot;26505&quot;,&quot;type&quot;:&quot;RAYON&quot;,&quot;picto&quot;:null,&quot;level&quot;:4,&quot;sellerId&quot;:null,&quot;slug&quot;:&quot;ecouteurs-intra-auriculaire&quot;,&quot;selected&quot;:false,&quot;children&quot;:null,&quot;layers&quot;:&quot;\/navigation\/26505\/layers&quot;,&quot;link&quot;:&quot;\/r\/image-son\/son\/casques-ecouteurs\/ecouteurs-intra-auriculaire&quot;},{&quot;name&quot;:&quot;Ecouteurs sans fil et Bluetooth&quot;,&quot;code&quot;:&quot;R20F02SF01SS06&quot;,&quot;id&quot;:&quot;26506&quot;,&quot;type&quot;:&quot;RAYON&quot;,&quot;picto&quot;:null,&quot;level&quot;:4,&quot;sellerId&quot;:null,&quot;slug&quot;:&quot;ecouteurs-sans-fil-bluetooth&quot;,&quot;selected&quot;:false,&quot;children&quot;:null,&quot;layers&quot;:&quot;\/navigation\/26506\/layers&quot;,&quot;link&quot;:&quot;\/r\/image-son\/son\/casques-ecouteurs\/ecouteurs-sans-fil-bluetooth&quot;},{&quot;name&quot;:&quot;Ecouteurs sport&quot;,&quot;code&quot;:&quot;R20F02SF01SS07&quot;,&quot;id&quot;:&quot;26507&quot;,&quot;type&quot;:&quot;RAYON&quot;,&quot;picto&quot;:null,&quot;level&quot;:4,&quot;sellerId&quot;:null,&quot;slug&quot;:&quot;ecouteurs-sport&quot;,&quot;selected&quot;:false,&quot;children&quot;:null,&quot;layers&quot;:&quot;\/navigation\/26507\/layers&quot;,&quot;link&quot;:&quot;\/r\/image-son\/son\/casques-ecouteurs\/ecouteurs-sport&quot;},{&quot;name&quot;:&quot;Accessoires audio&quot;,&quot;code&quot;:&quot;R20F02SF01SS09&quot;,&quot;id&quot;:&quot;26891&quot;,&quot;type&quot;:&quot;RAYON&quot;,&quot;picto&quot;:null,&quot;level&quot;:4,&quot;sellerId&quot;:null,&quot;slug&quot;:&quot;accessoires-audio&quot;,&quot;selected&quot;:false,&quot;children&quot;:null,&quot;layers&quot;:&quot;\/navigation\/26891\/layers&quot;,&quot;link&quot;:&quot;\/r\/image-son\/son\/casques-ecouteurs\/accessoires-audio&quot;}],&quot;layers&quot;:&quot;\/navigation\/26260\/layers&quot;,&quot;link&quot;:&quot;\/r\/image-son\/son\/casques-ecouteurs&quot;},{&quot;name&quot;:&quot;Enceintes&quot;,&quot;code&quot;:&quot;R20F02SF02&quot;,&quot;id&quot;:&quot;26261&quot;,&quot;type&quot;:&quot;RAYON&quot;,&quot;picto&quot;:null,&quot;level&quot;:3,&quot;sellerId&quot;:null,&quot;slug&quot;:&quot;enceintes&quot;,&quot;selected&quot;:false,&quot;children&quot;:[{&quot;name&quot;:&quot;Enceintes sans fil et Bluetooth&quot;,&quot;code&quot;:&quot;R20F02SF02SS01&quot;,&quot;id&quot;:&quot;26509&quot;,&quot;type&quot;:&quot;RAYON&quot;,&quot;picto&quot;:null,&quot;level&quot;:4,&quot;sellerId&quot;:null,&quot;slug&quot;:&quot;enceitnes-sans-fil-bluetooth&quot;,&quot;selected&quot;:false,&quot;children&quot;:null,&quot;layers&quot;:&quot;\/navigation\/26509\/layers&quot;,&quot;link&quot;:&quot;\/r\/image-son\/son\/enceintes\/enceitnes-sans-fil-bluetooth&quot;},{&quot;name&quot;:&quot;Enceintes multiroom&quot;,&quot;code&quot;:&quot;R20F02SF02SS02&quot;,&quot;id&quot;:&quot;26510&quot;,&quot;type&quot;:&quot;RAYON&quot;,&quot;picto&quot;:null,&quot;level&quot;:4,&quot;sellerId&quot;:null,&quot;slug&quot;:&quot;enceintes-multiroom&quot;,&quot;selected&quot;:false,&quot;children&quot;:null,&quot;layers&quot;:&quot;\/navigation\/26510\/layers&quot;,&quot;link&quot;:&quot;\/r\/image-son\/son\/enceintes\/enceintes-multiroom&quot;}],&quot;layers&quot;:&quot;\/navigation\/26261\/layers&quot;,&quot;link&quot;:&quot;\/r\/image-son\/son\/enceintes&quot;},{&quot;name&quot;:&quot;Enceintes intelligentes&quot;,&quot;code&quot;:&quot;R20F02SF03&quot;,&quot;id&quot;:&quot;26262&quot;,&quot;type&quot;:&quot;RAYON&quot;,&quot;picto&quot;:null,&quot;level&quot;:3,&quot;sellerId&quot;:null,&quot;slug&quot;:&quot;enceintes-intelligentes&quot;,&quot;selected&quot;:false,&quot;children&quot;:[{&quot;name&quot;:&quot;Google Home &quot;,&quot;code&quot;:&quot;R20F02SF03SS01&quot;,&quot;id&quot;:&quot;26511&quot;,&quot;type&quot;:&quot;RAYON&quot;,&quot;picto&quot;:null,&quot;level&quot;:4,&quot;sellerId&quot;:null,&quot;slug&quot;:&quot;google-home&quot;,&quot;selected&quot;:false,&quot;children&quot;:null,&quot;layers&quot;:&quot;\/navigation\/26511\/layers&quot;,&quot;link&quot;:&quot;\/r\/image-son\/son\/enceintes-intelligentes\/google-home&quot;},{&quot;name&quot;:&quot;Enceintes \u00e0 commande vocale&quot;,&quot;code&quot;:&quot;R20F02SF03SS02&quot;,&quot;id&quot;:&quot;26512&quot;,&quot;type&quot;:&quot;RAYON&quot;,&quot;picto&quot;:null,&quot;level&quot;:4,&quot;sellerId&quot;:null,&quot;slug&quot;:&quot;enceintes-a-commande-covale&quot;,&quot;selected&quot;:false,&quot;children&quot;:null,&quot;layers&quot;:&quot;\/navigation\/26512\/layers&quot;,&quot;link&quot;:&quot;\/r\/image-son\/son\/enceintes-intelligentes\/enceintes-a-commande-covale&quot;}],&quot;layers&quot;:&quot;\/navigation\/26262\/layers&quot;,&quot;link&quot;:&quot;\/r\/image-son\/son\/enceintes-intelligentes&quot;},{&quot;name&quot;:&quot;Chaine hifi&quot;,&quot;code&quot;:&quot;R20F02SF04&quot;,&quot;id&quot;:&quot;26263&quot;,&quot;type&quot;:&quot;RAYON&quot;,&quot;picto&quot;:null,&quot;level&quot;:3,&quot;sellerId&quot;:null,&quot;slug&quot;:&quot;chaines-hifi&quot;,&quot;selected&quot;:false,&quot;children&quot;:null,&quot;layers&quot;:&quot;\/navigation\/26263\/layers&quot;,&quot;link&quot;:&quot;\/r\/image-son\/son\/chaines-hifi&quot;},{&quot;name&quot;:&quot;Radio et radio-r\u00e9veils&quot;,&quot;code&quot;:&quot;R20F02SF05&quot;,&quot;id&quot;:&quot;26264&quot;,&quot;type&quot;:&quot;RAYON&quot;,&quot;picto&quot;:null,&quot;level&quot;:3,&quot;sellerId&quot;:null,&quot;slug&quot;:&quot;radio&quot;,&quot;selected&quot;:false,&quot;children&quot;:null,&quot;layers&quot;:&quot;\/navigation\/26264\/layers&quot;,&quot;link&quot;:&quot;\/r\/image-son\/son\/radio&quot;},{&quot;name&quot;:&quot;Platines vinyles&quot;,&quot;code&quot;:&quot;R20F02SF06&quot;,&quot;id&quot;:&quot;26513&quot;,&quot;type&quot;:&quot;RAYON&quot;,&quot;picto&quot;:null,&quot;level&quot;:3,&quot;sellerId&quot;:null,&quot;slug&quot;:&quot;platines-vinyles&quot;,&quot;selected&quot;:false,&quot;children&quot;:null,&quot;layers&quot;:&quot;\/navigation\/26513\/layers&quot;,&quot;link&quot;:&quot;\/r\/image-son\/son\/platines-vinyles&quot;},{&quot;name&quot;:&quot;Lecteurs MP3 et Baladeurs&quot;,&quot;code&quot;:&quot;R20F02SF07&quot;,&quot;id&quot;:&quot;26892&quot;,&quot;type&quot;:&quot;RAYON&quot;,&quot;picto&quot;:null,&quot;level&quot;:3,&quot;sellerId&quot;:null,&quot;slug&quot;:&quot;lecteurs-mp3-baladeurs&quot;,&quot;selected&quot;:false,&quot;children&quot;:null,&quot;layers&quot;:&quot;\/navigation\/26892\/layers&quot;,&quot;link&quot;:&quot;\/r\/image-son\/son\/lecteurs-mp3-baladeurs&quot;}],&quot;layers&quot;:&quot;\/navigation\/26057\/layers&quot;,&quot;link&quot;:&quot;\/r\/image-son\/son&quot;},{&quot;name&quot;:&quot;Appareils photo&quot;,&quot;code&quot;:&quot;R20F03&quot;,&quot;id&quot;:&quot;26059&quot;,&quot;type&quot;:&quot;RAYON&quot;,&quot;picto&quot;:null,&quot;level&quot;:2,&quot;sellerId&quot;:null,&quot;slug&quot;:&quot;appareils-photo&quot;,&quot;selected&quot;:false,&quot;children&quot;:[{&quot;name&quot;:&quot;Appareils photo&quot;,&quot;code&quot;:&quot;R20F03SF01&quot;,&quot;id&quot;:&quot;26265&quot;,&quot;type&quot;:&quot;RAYON&quot;,&quot;picto&quot;:null,&quot;level&quot;:3,&quot;sellerId&quot;:null,&quot;slug&quot;:&quot;appareils-photo&quot;,&quot;selected&quot;:false,&quot;children&quot;:[{&quot;name&quot;:&quot;Appareils photo instantan\u00e9es &quot;,&quot;code&quot;:&quot;R20F03SF01SS01&quot;,&quot;id&quot;:&quot;26514&quot;,&quot;type&quot;:&quot;RAYON&quot;,&quot;picto&quot;:null,&quot;level&quot;:4,&quot;sellerId&quot;:null,&quot;slug&quot;:&quot;appareils-photo-instantanees&quot;,&quot;selected&quot;:false,&quot;children&quot;:null,&quot;layers&quot;:&quot;\/navigation\/26514\/layers&quot;,&quot;link&quot;:&quot;\/r\/image-son\/appareils-photo\/appareils-photo\/appareils-photo-instantanees&quot;},{&quot;name&quot;:&quot;Appareils photo compact et bridge&quot;,&quot;code&quot;:&quot;R20F03SF01SS03&quot;,&quot;id&quot;:&quot;26516&quot;,&quot;type&quot;:&quot;RAYON&quot;,&quot;picto&quot;:null,&quot;level&quot;:4,&quot;sellerId&quot;:null,&quot;slug&quot;:&quot;appareils-photo-compact-bridge&quot;,&quot;selected&quot;:false,&quot;children&quot;:null,&quot;layers&quot;:&quot;\/navigation\/26516\/layers&quot;,&quot;link&quot;:&quot;\/r\/image-son\/appareils-photo\/appareils-photo\/appareils-photo-compact-bridge&quot;},{&quot;name&quot;:&quot;Appareils photo jetable&quot;,&quot;code&quot;:&quot;R20F03SF01SS05&quot;,&quot;id&quot;:&quot;26883&quot;,&quot;type&quot;:&quot;RAYON&quot;,&quot;picto&quot;:null,&quot;level&quot;:4,&quot;sellerId&quot;:null,&quot;slug&quot;:&quot;appareils-photo-jetable&quot;,&quot;selected&quot;:false,&quot;children&quot;:null,&quot;layers&quot;:&quot;\/navigation\/26883\/layers&quot;,&quot;link&quot;:&quot;\/r\/image-son\/appareils-photo\/appareils-photo\/appareils-photo-jetable&quot;}],&quot;layers&quot;:&quot;\/navigation\/26265\/layers&quot;,&quot;link&quot;:&quot;\/r\/image-son\/appareils-photo\/appareils-photo&quot;},{&quot;name&quot;:&quot;Cam\u00e9ra sport&quot;,&quot;code&quot;:&quot;R20F03SF02&quot;,&quot;id&quot;:&quot;26266&quot;,&quot;type&quot;:&quot;RAYON&quot;,&quot;picto&quot;:null,&quot;level&quot;:3,&quot;sellerId&quot;:null,&quot;slug&quot;:&quot;camera-sport&quot;,&quot;selected&quot;:false,&quot;children&quot;:null,&quot;layers&quot;:&quot;\/navigation\/26266\/layers&quot;,&quot;link&quot;:&quot;\/r\/image-son\/appareils-photo\/camera-sport&quot;},{&quot;name&quot;:&quot;Drones&quot;,&quot;code&quot;:&quot;R20F03SF03&quot;,&quot;id&quot;:&quot;26267&quot;,&quot;type&quot;:&quot;RAYON&quot;,&quot;picto&quot;:null,&quot;level&quot;:3,&quot;sellerId&quot;:null,&quot;slug&quot;:&quot;drones&quot;,&quot;selected&quot;:false,&quot;children&quot;:null,&quot;layers&quot;:&quot;\/navigation\/26267\/layers&quot;,&quot;link&quot;:&quot;\/r\/image-son\/appareils-photo\/drones&quot;},{&quot;name&quot;:&quot;Cam\u00e9scopes&quot;,&quot;code&quot;:&quot;R20F03SF04&quot;,&quot;id&quot;:&quot;26268&quot;,&quot;type&quot;:&quot;RAYON&quot;,&quot;picto&quot;:null,&quot;level&quot;:3,&quot;sellerId&quot;:null,&quot;slug&quot;:&quot;camescopes&quot;,&quot;selected&quot;:false,&quot;children&quot;:null,&quot;layers&quot;:&quot;\/navigation\/26268\/layers&quot;,&quot;link&quot;:&quot;\/r\/image-son\/appareils-photo\/camescopes&quot;},{&quot;name&quot;:&quot;Accessoires de photo et vid\u00e9o&quot;,&quot;code&quot;:&quot;R20F03SF05&quot;,&quot;id&quot;:&quot;26269&quot;,&quot;type&quot;:&quot;RAYON&quot;,&quot;picto&quot;:null,&quot;level&quot;:3,&quot;sellerId&quot;:null,&quot;slug&quot;:&quot;accessoires-photo-video&quot;,&quot;selected&quot;:false,&quot;children&quot;:[{&quot;name&quot;:&quot;Tr\u00e9pieds&quot;,&quot;code&quot;:&quot;R20F03SF05SS02&quot;,&quot;id&quot;:&quot;26519&quot;,&quot;type&quot;:&quot;RAYON&quot;,&quot;picto&quot;:null,&quot;level&quot;:4,&quot;sellerId&quot;:null,&quot;slug&quot;:&quot;trepieds&quot;,&quot;selected&quot;:false,&quot;children&quot;:null,&quot;layers&quot;:&quot;\/navigation\/26519\/layers&quot;,&quot;link&quot;:&quot;\/r\/image-son\/appareils-photo\/accessoires-photo-video\/trepieds&quot;},{&quot;name&quot;:&quot;Cartes m\u00e9moire&quot;,&quot;code&quot;:&quot;R20F03SF05SS04&quot;,&quot;id&quot;:&quot;26521&quot;,&quot;type&quot;:&quot;RAYON&quot;,&quot;picto&quot;:null,&quot;level&quot;:4,&quot;sellerId&quot;:null,&quot;slug&quot;:&quot;cartes-memoire&quot;,&quot;selected&quot;:false,&quot;children&quot;:null,&quot;layers&quot;:&quot;\/navigation\/26521\/layers&quot;,&quot;link&quot;:&quot;\/r\/image-son\/appareils-photo\/accessoires-photo-video\/cartes-memoire&quot;},{&quot;name&quot;:&quot;Sacs et Sacoches&quot;,&quot;code&quot;:&quot;R20F03SF05SS05&quot;,&quot;id&quot;:&quot;26522&quot;,&quot;type&quot;:&quot;RAYON&quot;,&quot;picto&quot;:null,&quot;level&quot;:4,&quot;sellerId&quot;:null,&quot;slug&quot;:&quot;sacs-sacoches&quot;,&quot;selected&quot;:false,&quot;children&quot;:null,&quot;layers&quot;:&quot;\/navigation\/26522\/layers&quot;,&quot;link&quot;:&quot;\/r\/image-son\/appareils-photo\/accessoires-photo-video\/sacs-sacoches&quot;},{&quot;name&quot;:&quot;Papier photo&quot;,&quot;code&quot;:&quot;R20F03SF05SS06&quot;,&quot;id&quot;:&quot;26523&quot;,&quot;type&quot;:&quot;RAYON&quot;,&quot;picto&quot;:null,&quot;level&quot;:4,&quot;sellerId&quot;:null,&quot;slug&quot;:&quot;papier-photo&quot;,&quot;selected&quot;:false,&quot;children&quot;:null,&quot;layers&quot;:&quot;\/navigation\/26523\/layers&quot;,&quot;link&quot;:&quot;\/r\/image-son\/appareils-photo\/accessoires-photo-video\/papier-photo&quot;},{&quot;name&quot;:&quot;Pellicules et Films &quot;,&quot;code&quot;:&quot;R20F03SF05SS07&quot;,&quot;id&quot;:&quot;26524&quot;,&quot;type&quot;:&quot;RAYON&quot;,&quot;picto&quot;:null,&quot;level&quot;:4,&quot;sellerId&quot;:null,&quot;slug&quot;:&quot;pellicules-films&quot;,&quot;selected&quot;:false,&quot;children&quot;:null,&quot;layers&quot;:&quot;\/navigation\/26524\/layers&quot;,&quot;link&quot;:&quot;\/r\/image-son\/appareils-photo\/accessoires-photo-video\/pellicules-films&quot;}],&quot;layers&quot;:&quot;\/navigation\/26269\/layers&quot;,&quot;link&quot;:&quot;\/r\/image-son\/appareils-photo\/accessoires-photo-video&quot;}],&quot;layers&quot;:&quot;\/navigation\/26059\/layers&quot;,&quot;link&quot;:&quot;\/r\/image-son\/appareils-photo&quot;}],&quot;layers&quot;:&quot;\/navigation\/26019\/layers&quot;,&quot;link&quot;:&quot;\/r\/image-son&quot;},{&quot;name&quot;:&quot;Informatique et Bureau&quot;,&quot;code&quot;:&quot;R21&quot;,&quot;id&quot;:&quot;26018&quot;,&quot;type&quot;:&quot;RAYON&quot;,&quot;picto&quot;:&quot;https:\/\/media.carrefour.fr\/medias\/e08cf0e28c5a3c82a41dfa14b2b32dc8\/p_96x96\/26018.jpg&quot;,&quot;level&quot;:1,&quot;sellerId&quot;:null,&quot;slug&quot;:&quot;informatique-bureau&quot;,&quot;selected&quot;:false,&quot;children&quot;:[{&quot;name&quot;:&quot;Ordinateurs et Tablettes&quot;,&quot;code&quot;:&quot;R21F01&quot;,&quot;id&quot;:&quot;26040&quot;,&quot;type&quot;:&quot;RAYON&quot;,&quot;picto&quot;:null,&quot;level&quot;:2,&quot;sellerId&quot;:null,&quot;slug&quot;:&quot;ordinateurs-tablettes&quot;,&quot;selected&quot;:false,&quot;children&quot;:[{&quot;name&quot;:&quot;Ordinateurs portables&quot;,&quot;code&quot;:&quot;R21F01SF01&quot;,&quot;id&quot;:&quot;26099&quot;,&quot;type&quot;:&quot;RAYON&quot;,&quot;picto&quot;:null,&quot;level&quot;:3,&quot;sellerId&quot;:null,&quot;slug&quot;:&quot;ordinateurs-portables&quot;,&quot;selected&quot;:false,&quot;children&quot;:[{&quot;name&quot;:&quot;Ordinateurs portables&quot;,&quot;code&quot;:&quot;R21F01SF01SS01&quot;,&quot;id&quot;:&quot;26107&quot;,&quot;type&quot;:&quot;RAYON&quot;,&quot;picto&quot;:null,&quot;level&quot;:4,&quot;sellerId&quot;:null,&quot;slug&quot;:&quot;ordinateurs-portables&quot;,&quot;selected&quot;:false,&quot;children&quot;:null,&quot;layers&quot;:&quot;\/navigation\/26107\/layers&quot;,&quot;link&quot;:&quot;\/r\/informatique-bureau\/ordinateurs-tablettes\/ordinateurs-portables\/ordinateurs-portables&quot;},{&quot;name&quot;:&quot;Ordinateurs portables gamer&quot;,&quot;code&quot;:&quot;R21F01SF01SS02&quot;,&quot;id&quot;:&quot;26108&quot;,&quot;type&quot;:&quot;RAYON&quot;,&quot;picto&quot;:null,&quot;level&quot;:4,&quot;sellerId&quot;:null,&quot;slug&quot;:&quot;ordinateurs-portables-gamer&quot;,&quot;selected&quot;:false,&quot;children&quot;:null,&quot;layers&quot;:&quot;\/navigation\/26108\/layers&quot;,&quot;link&quot;:&quot;\/r\/informatique-bureau\/ordinateurs-tablettes\/ordinateurs-portables\/ordinateurs-portables-gamer&quot;}],&quot;layers&quot;:&quot;\/navigation\/26099\/layers&quot;,&quot;link&quot;:&quot;\/r\/informatique-bureau\/ordinateurs-tablettes\/ordinateurs-portables&quot;},{&quot;name&quot;:&quot;Macbook &quot;,&quot;code&quot;:&quot;R21F01SF02&quot;,&quot;id&quot;:&quot;26100&quot;,&quot;type&quot;:&quot;RAYON&quot;,&quot;picto&quot;:null,&quot;level&quot;:3,&quot;sellerId&quot;:null,&quot;slug&quot;:&quot;macbook&quot;,&quot;selected&quot;:false,&quot;children&quot;:[{&quot;name&quot;:&quot;Macbook Air&quot;,&quot;code&quot;:&quot;R21F01SF02SS01&quot;,&quot;id&quot;:&quot;26111&quot;,&quot;type&quot;:&quot;RAYON&quot;,&quot;picto&quot;:null,&quot;level&quot;:4,&quot;sellerId&quot;:null,&quot;slug&quot;:&quot;macbook-air&quot;,&quot;selected&quot;:false,&quot;children&quot;:null,&quot;layers&quot;:&quot;\/navigation\/26111\/layers&quot;,&quot;link&quot;:&quot;\/r\/informatique-bureau\/ordinateurs-tablettes\/macbook\/macbook-air&quot;},{&quot;name&quot;:&quot;Macbook Pro &quot;,&quot;code&quot;:&quot;R21F01SF02SS02&quot;,&quot;id&quot;:&quot;26112&quot;,&quot;type&quot;:&quot;RAYON&quot;,&quot;picto&quot;:null,&quot;level&quot;:4,&quot;sellerId&quot;:null,&quot;slug&quot;:&quot;macbook-pro&quot;,&quot;selected&quot;:false,&quot;children&quot;:null,&quot;layers&quot;:&quot;\/navigation\/26112\/layers&quot;,&quot;link&quot;:&quot;\/r\/informatique-bureau\/ordinateurs-tablettes\/macbook\/macbook-pro&quot;}],&quot;layers&quot;:&quot;\/navigation\/26100\/layers&quot;,&quot;link&quot;:&quot;\/r\/informatique-bureau\/ordinateurs-tablettes\/macbook&quot;},{&quot;name&quot;:&quot;Ordinateurs de bureau&quot;,&quot;code&quot;:&quot;R21F01SF03&quot;,&quot;id&quot;:&quot;26101&quot;,&quot;type&quot;:&quot;RAYON&quot;,&quot;picto&quot;:null,&quot;level&quot;:3,&quot;sellerId&quot;:null,&quot;slug&quot;:&quot;ordinateurs-de-bureau&quot;,&quot;selected&quot;:false,&quot;children&quot;:[{&quot;name&quot;:&quot;Ordinateurs tout-en-un&quot;,&quot;code&quot;:&quot;R21F01SF03SS01&quot;,&quot;id&quot;:&quot;26114&quot;,&quot;type&quot;:&quot;RAYON&quot;,&quot;picto&quot;:null,&quot;level&quot;:4,&quot;sellerId&quot;:null,&quot;slug&quot;:&quot;ordinateurs-tout-en-un&quot;,&quot;selected&quot;:false,&quot;children&quot;:null,&quot;layers&quot;:&quot;\/navigation\/26114\/layers&quot;,&quot;link&quot;:&quot;\/r\/informatique-bureau\/ordinateurs-tablettes\/ordinateurs-de-bureau\/ordinateurs-tout-en-un&quot;},{&quot;name&quot;:&quot;Unit\u00e9s centrales&quot;,&quot;code&quot;:&quot;R21F01SF03SS02&quot;,&quot;id&quot;:&quot;26115&quot;,&quot;type&quot;:&quot;RAYON&quot;,&quot;picto&quot;:null,&quot;level&quot;:4,&quot;sellerId&quot;:null,&quot;slug&quot;:&quot;unites-centrales&quot;,&quot;selected&quot;:false,&quot;children&quot;:null,&quot;layers&quot;:&quot;\/navigation\/26115\/layers&quot;,&quot;link&quot;:&quot;\/r\/informatique-bureau\/ordinateurs-tablettes\/ordinateurs-de-bureau\/unites-centrales&quot;},{&quot;name&quot;:&quot;PC gamer&quot;,&quot;code&quot;:&quot;R21F01SF03SS03&quot;,&quot;id&quot;:&quot;26116&quot;,&quot;type&quot;:&quot;RAYON&quot;,&quot;picto&quot;:null,&quot;level&quot;:4,&quot;sellerId&quot;:null,&quot;slug&quot;:&quot;pc-gamer&quot;,&quot;selected&quot;:false,&quot;children&quot;:null,&quot;layers&quot;:&quot;\/navigation\/26116\/layers&quot;,&quot;link&quot;:&quot;\/r\/informatique-bureau\/ordinateurs-tablettes\/ordinateurs-de-bureau\/pc-gamer&quot;}],&quot;layers&quot;:&quot;\/navigation\/26101\/layers&quot;,&quot;link&quot;:&quot;\/r\/informatique-bureau\/ordinateurs-tablettes\/ordinateurs-de-bureau&quot;},{&quot;name&quot;:&quot;iMac&quot;,&quot;code&quot;:&quot;R21F01SF04&quot;,&quot;id&quot;:&quot;26102&quot;,&quot;type&quot;:&quot;RAYON&quot;,&quot;picto&quot;:null,&quot;level&quot;:3,&quot;sellerId&quot;:null,&quot;slug&quot;:&quot;imac&quot;,&quot;selected&quot;:false,&quot;children&quot;:[{&quot;name&quot;:&quot;iMac &quot;,&quot;code&quot;:&quot;R21F01SF04SS01&quot;,&quot;id&quot;:&quot;26117&quot;,&quot;type&quot;:&quot;RAYON&quot;,&quot;picto&quot;:null,&quot;level&quot;:4,&quot;sellerId&quot;:null,&quot;slug&quot;:&quot;imac&quot;,&quot;selected&quot;:false,&quot;children&quot;:null,&quot;layers&quot;:&quot;\/navigation\/26117\/layers&quot;,&quot;link&quot;:&quot;\/r\/informatique-bureau\/ordinateurs-tablettes\/imac\/imac&quot;},{&quot;name&quot;:&quot;Mac Mini&quot;,&quot;code&quot;:&quot;R21F01SF04SS02&quot;,&quot;id&quot;:&quot;26118&quot;,&quot;type&quot;:&quot;RAYON&quot;,&quot;picto&quot;:null,&quot;level&quot;:4,&quot;sellerId&quot;:null,&quot;slug&quot;:&quot;mac-mini&quot;,&quot;selected&quot;:false,&quot;children&quot;:null,&quot;layers&quot;:&quot;\/navigation\/26118\/layers&quot;,&quot;link&quot;:&quot;\/r\/informatique-bureau\/ordinateurs-tablettes\/imac\/mac-mini&quot;}],&quot;layers&quot;:&quot;\/navigation\/26102\/layers&quot;,&quot;link&quot;:&quot;\/r\/informatique-bureau\/ordinateurs-tablettes\/imac&quot;},{&quot;name&quot;:&quot;Tablettes et iPad&quot;,&quot;code&quot;:&quot;R21F01SF05&quot;,&quot;id&quot;:&quot;26103&quot;,&quot;type&quot;:&quot;RAYON&quot;,&quot;picto&quot;:null,&quot;level&quot;:3,&quot;sellerId&quot;:null,&quot;slug&quot;:&quot;tablettes-ipad&quot;,&quot;selected&quot;:false,&quot;children&quot;:[{&quot;name&quot;:&quot;Tablettes tactiles&quot;,&quot;code&quot;:&quot;R21F01SF05SS01&quot;,&quot;id&quot;:&quot;26120&quot;,&quot;type&quot;:&quot;RAYON&quot;,&quot;picto&quot;:null,&quot;level&quot;:4,&quot;sellerId&quot;:null,&quot;slug&quot;:&quot;tablettes-tactiles&quot;,&quot;selected&quot;:false,&quot;children&quot;:null,&quot;layers&quot;:&quot;\/navigation\/26120\/layers&quot;,&quot;link&quot;:&quot;\/r\/informatique-bureau\/ordinateurs-tablettes\/tablettes-ipad\/tablettes-tactiles&quot;},{&quot;name&quot;:&quot;iPad &quot;,&quot;code&quot;:&quot;R21F01SF05SS02&quot;,&quot;id&quot;:&quot;26121&quot;,&quot;type&quot;:&quot;RAYON&quot;,&quot;picto&quot;:null,&quot;level&quot;:4,&quot;sellerId&quot;:null,&quot;slug&quot;:&quot;ipad&quot;,&quot;selected&quot;:false,&quot;children&quot;:null,&quot;layers&quot;:&quot;\/navigation\/26121\/layers&quot;,&quot;link&quot;:&quot;\/r\/informatique-bureau\/ordinateurs-tablettes\/tablettes-ipad\/ipad&quot;},{&quot;name&quot;:&quot;Accessoires de tablette&quot;,&quot;code&quot;:&quot;R21F01SF05SS03&quot;,&quot;id&quot;:&quot;26122&quot;,&quot;type&quot;:&quot;RAYON&quot;,&quot;picto&quot;:null,&quot;level&quot;:4,&quot;sellerId&quot;:null,&quot;slug&quot;:&quot;accessoires-de-tablette&quot;,&quot;selected&quot;:false,&quot;children&quot;:null,&quot;layers&quot;:&quot;\/navigation\/26122\/layers&quot;,&quot;link&quot;:&quot;\/r\/informatique-bureau\/ordinateurs-tablettes\/tablettes-ipad\/accessoires-de-tablette&quot;}],&quot;layers&quot;:&quot;\/navigation\/26103\/layers&quot;,&quot;link&quot;:&quot;\/r\/informatique-bureau\/ordinateurs-tablettes\/tablettes-ipad&quot;},{&quot;name&quot;:&quot;Ecran PC&quot;,&quot;code&quot;:&quot;R21F01SF06&quot;,&quot;id&quot;:&quot;26104&quot;,&quot;type&quot;:&quot;RAYON&quot;,&quot;picto&quot;:null,&quot;level&quot;:3,&quot;sellerId&quot;:null,&quot;slug&quot;:&quot;ecran-pc&quot;,&quot;selected&quot;:false,&quot;children&quot;:[{&quot;name&quot;:&quot;Ecran incurv\u00e9&quot;,&quot;code&quot;:&quot;R21F01SF06SS01&quot;,&quot;id&quot;:&quot;26123&quot;,&quot;type&quot;:&quot;RAYON&quot;,&quot;picto&quot;:null,&quot;level&quot;:4,&quot;sellerId&quot;:null,&quot;slug&quot;:&quot;ecran-incurve&quot;,&quot;selected&quot;:false,&quot;children&quot;:null,&quot;layers&quot;:&quot;\/navigation\/26123\/layers&quot;,&quot;link&quot;:&quot;\/r\/informatique-bureau\/ordinateurs-tablettes\/ecran-pc\/ecran-incurve&quot;},{&quot;name&quot;:&quot;Ecran PC gaming &quot;,&quot;code&quot;:&quot;R21F01SF06SS02&quot;,&quot;id&quot;:&quot;26124&quot;,&quot;type&quot;:&quot;RAYON&quot;,&quot;picto&quot;:null,&quot;level&quot;:4,&quot;sellerId&quot;:null,&quot;slug&quot;:&quot;ecran-pc-gaming&quot;,&quot;selected&quot;:false,&quot;children&quot;:null,&quot;layers&quot;:&quot;\/navigation\/26124\/layers&quot;,&quot;link&quot;:&quot;\/r\/informatique-bureau\/ordinateurs-tablettes\/ecran-pc\/ecran-pc-gaming&quot;},{&quot;name&quot;:&quot;Ecran PC 4K&quot;,&quot;code&quot;:&quot;R21F01SF06SS03&quot;,&quot;id&quot;:&quot;26125&quot;,&quot;type&quot;:&quot;RAYON&quot;,&quot;picto&quot;:null,&quot;level&quot;:4,&quot;sellerId&quot;:null,&quot;slug&quot;:&quot;ecran-pc-4k&quot;,&quot;selected&quot;:false,&quot;children&quot;:null,&quot;layers&quot;:&quot;\/navigation\/26125\/layers&quot;,&quot;link&quot;:&quot;\/r\/informatique-bureau\/ordinateurs-tablettes\/ecran-pc\/ecran-pc-4k&quot;}],&quot;layers&quot;:&quot;\/navigation\/26104\/layers&quot;,&quot;link&quot;:&quot;\/r\/informatique-bureau\/ordinateurs-tablettes\/ecran-pc&quot;},{&quot;name&quot;:&quot;P\u00e9riph\u00e9riques et Accessoires d&#039;ordinateur&quot;,&quot;code&quot;:&quot;R21F01SF07&quot;,&quot;id&quot;:&quot;26105&quot;,&quot;type&quot;:&quot;RAYON&quot;,&quot;picto&quot;:null,&quot;level&quot;:3,&quot;sellerId&quot;:null,&quot;slug&quot;:&quot;peripheriques-accessoires-ordinateur&quot;,&quot;selected&quot;:false,&quot;children&quot;:[{&quot;name&quot;:&quot;Claviers et Souris&quot;,&quot;code&quot;:&quot;R21F01SF07SS01&quot;,&quot;id&quot;:&quot;26126&quot;,&quot;type&quot;:&quot;RAYON&quot;,&quot;picto&quot;:null,&quot;level&quot;:4,&quot;sellerId&quot;:null,&quot;slug&quot;:&quot;claviers-souris&quot;,&quot;selected&quot;:false,&quot;children&quot;:null,&quot;layers&quot;:&quot;\/navigation\/26126\/layers&quot;,&quot;link&quot;:&quot;\/r\/informatique-bureau\/ordinateurs-tablettes\/peripheriques-accessoires-ordinateur\/claviers-souris&quot;},{&quot;name&quot;:&quot;Casques, Micros et Enceintes&quot;,&quot;code&quot;:&quot;R21F01SF07SS02&quot;,&quot;id&quot;:&quot;26127&quot;,&quot;type&quot;:&quot;RAYON&quot;,&quot;picto&quot;:null,&quot;level&quot;:4,&quot;sellerId&quot;:null,&quot;slug&quot;:&quot;casques-micros-enceintes&quot;,&quot;selected&quot;:false,&quot;children&quot;:null,&quot;layers&quot;:&quot;\/navigation\/26127\/layers&quot;,&quot;link&quot;:&quot;\/r\/informatique-bureau\/ordinateurs-tablettes\/peripheriques-accessoires-ordinateur\/casques-micros-enceintes&quot;},{&quot;name&quot;:&quot;Housses et Sacoches&quot;,&quot;code&quot;:&quot;R21F01SF07SS03&quot;,&quot;id&quot;:&quot;26128&quot;,&quot;type&quot;:&quot;RAYON&quot;,&quot;picto&quot;:null,&quot;level&quot;:4,&quot;sellerId&quot;:null,&quot;slug&quot;:&quot;housses-sacoches&quot;,&quot;selected&quot;:false,&quot;children&quot;:null,&quot;layers&quot;:&quot;\/navigation\/26128\/layers&quot;,&quot;link&quot;:&quot;\/r\/informatique-bureau\/ordinateurs-tablettes\/peripheriques-accessoires-ordinateur\/housses-sacoches&quot;},{&quot;name&quot;:&quot;R\u00e9seau connectique : C\u00e2bles, Prises et Routeurs&quot;,&quot;code&quot;:&quot;R21F01SF07SS04&quot;,&quot;id&quot;:&quot;26129&quot;,&quot;type&quot;:&quot;RAYON&quot;,&quot;picto&quot;:null,&quot;level&quot;:4,&quot;sellerId&quot;:null,&quot;slug&quot;:&quot;reseau-connectique-cables-prises-routeurs&quot;,&quot;selected&quot;:false,&quot;children&quot;:null,&quot;layers&quot;:&quot;\/navigation\/26129\/layers&quot;,&quot;link&quot;:&quot;\/r\/informatique-bureau\/ordinateurs-tablettes\/peripheriques-accessoires-ordinateur\/reseau-connectique-cables-prises-routeurs&quot;},{&quot;name&quot;:&quot;Accessoires Gaming&quot;,&quot;code&quot;:&quot;R21F01SF07SS05&quot;,&quot;id&quot;:&quot;26130&quot;,&quot;type&quot;:&quot;RAYON&quot;,&quot;picto&quot;:null,&quot;level&quot;:4,&quot;sellerId&quot;:null,&quot;slug&quot;:&quot;accessoires-gaming&quot;,&quot;selected&quot;:false,&quot;children&quot;:null,&quot;layers&quot;:&quot;\/navigation\/26130\/layers&quot;,&quot;link&quot;:&quot;\/r\/informatique-bureau\/ordinateurs-tablettes\/peripheriques-accessoires-ordinateur\/accessoires-gaming&quot;},{&quot;name&quot;:&quot;Autres accessoires&quot;,&quot;code&quot;:&quot;R21F01SF07SS06&quot;,&quot;id&quot;:&quot;26131&quot;,&quot;type&quot;:&quot;RAYON&quot;,&quot;picto&quot;:null,&quot;level&quot;:4,&quot;sellerId&quot;:null,&quot;slug&quot;:&quot;autres-accessoires&quot;,&quot;selected&quot;:false,&quot;children&quot;:null,&quot;layers&quot;:&quot;\/navigation\/26131\/layers&quot;,&quot;link&quot;:&quot;\/r\/informatique-bureau\/ordinateurs-tablettes\/peripheriques-accessoires-ordinateur\/autres-accessoires&quot;}],&quot;layers&quot;:&quot;\/navigation\/26105\/layers&quot;,&quot;link&quot;:&quot;\/r\/informatique-bureau\/ordinateurs-tablettes\/peripheriques-accessoires-ordinateur&quot;},{&quot;name&quot;:&quot;Stockage&quot;,&quot;code&quot;:&quot;R21F01SF08&quot;,&quot;id&quot;:&quot;26106&quot;,&quot;type&quot;:&quot;RAYON&quot;,&quot;picto&quot;:null,&quot;level&quot;:3,&quot;sellerId&quot;:null,&quot;slug&quot;:&quot;stockage&quot;,&quot;selected&quot;:false,&quot;children&quot;:[{&quot;name&quot;:&quot;Disques durs&quot;,&quot;code&quot;:&quot;R21F01SF08SS01&quot;,&quot;id&quot;:&quot;26133&quot;,&quot;type&quot;:&quot;RAYON&quot;,&quot;picto&quot;:null,&quot;level&quot;:4,&quot;sellerId&quot;:null,&quot;slug&quot;:&quot;disques-durs&quot;,&quot;selected&quot;:false,&quot;children&quot;:null,&quot;layers&quot;:&quot;\/navigation\/26133\/layers&quot;,&quot;link&quot;:&quot;\/r\/informatique-bureau\/ordinateurs-tablettes\/stockage\/disques-durs&quot;},{&quot;name&quot;:&quot;Cl\u00e9s USB&quot;,&quot;code&quot;:&quot;R21F01SF08SS02&quot;,&quot;id&quot;:&quot;26134&quot;,&quot;type&quot;:&quot;RAYON&quot;,&quot;picto&quot;:null,&quot;level&quot;:4,&quot;sellerId&quot;:null,&quot;slug&quot;:&quot;cles-usb&quot;,&quot;selected&quot;:false,&quot;children&quot;:null,&quot;layers&quot;:&quot;\/navigation\/26134\/layers&quot;,&quot;link&quot;:&quot;\/r\/informatique-bureau\/ordinateurs-tablettes\/stockage\/cles-usb&quot;},{&quot;name&quot;:&quot;Cartes m\u00e9moire&quot;,&quot;code&quot;:&quot;R21F01SF08SS03&quot;,&quot;id&quot;:&quot;26135&quot;,&quot;type&quot;:&quot;RAYON&quot;,&quot;picto&quot;:null,&quot;level&quot;:4,&quot;sellerId&quot;:null,&quot;slug&quot;:&quot;cartes-memoires&quot;,&quot;selected&quot;:false,&quot;children&quot;:null,&quot;layers&quot;:&quot;\/navigation\/26135\/layers&quot;,&quot;link&quot;:&quot;\/r\/informatique-bureau\/ordinateurs-tablettes\/stockage\/cartes-memoires&quot;}],&quot;layers&quot;:&quot;\/navigation\/26106\/layers&quot;,&quot;link&quot;:&quot;\/r\/informatique-bureau\/ordinateurs-tablettes\/stockage&quot;}],&quot;layers&quot;:&quot;\/navigation\/26040\/layers&quot;,&quot;link&quot;:&quot;\/r\/informatique-bureau\/ordinateurs-tablettes&quot;},{&quot;name&quot;:&quot;Imprimantes et Consommables&quot;,&quot;code&quot;:&quot;R21F02&quot;,&quot;id&quot;:&quot;26042&quot;,&quot;type&quot;:&quot;RAYON&quot;,&quot;picto&quot;:null,&quot;level&quot;:2,&quot;sellerId&quot;:null,&quot;slug&quot;:&quot;imprimantes-consommables&quot;,&quot;selected&quot;:false,&quot;children&quot;:[{&quot;name&quot;:&quot;Imprimantes multifonctions&quot;,&quot;code&quot;:&quot;R21F02SF01&quot;,&quot;id&quot;:&quot;26888&quot;,&quot;type&quot;:&quot;RAYON&quot;,&quot;picto&quot;:null,&quot;level&quot;:3,&quot;sellerId&quot;:null,&quot;slug&quot;:&quot;imprimantes-multifonctions&quot;,&quot;selected&quot;:false,&quot;children&quot;:null,&quot;layers&quot;:&quot;\/navigation\/26888\/layers&quot;,&quot;link&quot;:&quot;\/r\/informatique-bureau\/imprimantes-consommables\/imprimantes-multifonctions&quot;},{&quot;name&quot;:&quot;Imprimantes tout-en-un&quot;,&quot;code&quot;:&quot;R21F02SF03&quot;,&quot;id&quot;:&quot;26889&quot;,&quot;type&quot;:&quot;RAYON&quot;,&quot;picto&quot;:null,&quot;level&quot;:3,&quot;sellerId&quot;:null,&quot;slug&quot;:&quot;imprimante-tout-en-un&quot;,&quot;selected&quot;:false,&quot;children&quot;:null,&quot;layers&quot;:&quot;\/navigation\/26889\/layers&quot;,&quot;link&quot;:&quot;\/r\/informatique-bureau\/imprimantes-consommables\/imprimante-tout-en-un&quot;},{&quot;name&quot;:&quot;Imprimantes photo&quot;,&quot;code&quot;:&quot;R21F02SF04&quot;,&quot;id&quot;:&quot;26139&quot;,&quot;type&quot;:&quot;RAYON&quot;,&quot;picto&quot;:null,&quot;level&quot;:3,&quot;sellerId&quot;:null,&quot;slug&quot;:&quot;imprimantes-photo&quot;,&quot;selected&quot;:false,&quot;children&quot;:null,&quot;layers&quot;:&quot;\/navigation\/26139\/layers&quot;,&quot;link&quot;:&quot;\/r\/informatique-bureau\/imprimantes-consommables\/imprimantes-photo&quot;},{&quot;name&quot;:&quot;Cartouches d&#039;encre &quot;,&quot;code&quot;:&quot;R21F02SF06&quot;,&quot;id&quot;:&quot;26142&quot;,&quot;type&quot;:&quot;RAYON&quot;,&quot;picto&quot;:null,&quot;level&quot;:3,&quot;sellerId&quot;:null,&quot;slug&quot;:&quot;cartouches-dencre&quot;,&quot;selected&quot;:false,&quot;children&quot;:null,&quot;layers&quot;:&quot;\/navigation\/26142\/layers&quot;,&quot;link&quot;:&quot;\/r\/informatique-bureau\/imprimantes-consommables\/cartouches-dencre&quot;},{&quot;name&quot;:&quot;Papier imprimante&quot;,&quot;code&quot;:&quot;R21F02SF07&quot;,&quot;id&quot;:&quot;26144&quot;,&quot;type&quot;:&quot;RAYON&quot;,&quot;picto&quot;:null,&quot;level&quot;:3,&quot;sellerId&quot;:null,&quot;slug&quot;:&quot;papier-dimprimante&quot;,&quot;selected&quot;:false,&quot;children&quot;:null,&quot;layers&quot;:&quot;\/navigation\/26144\/layers&quot;,&quot;link&quot;:&quot;\/r\/informatique-bureau\/imprimantes-consommables\/papier-dimprimante&quot;}],&quot;layers&quot;:&quot;\/navigation\/26042\/layers&quot;,&quot;link&quot;:&quot;\/r\/informatique-bureau\/imprimantes-consommables&quot;},{&quot;name&quot;:&quot;Fournitures scolaires et Papeterie&quot;,&quot;code&quot;:&quot;R21F03&quot;,&quot;id&quot;:&quot;26044&quot;,&quot;type&quot;:&quot;RAYON&quot;,&quot;picto&quot;:null,&quot;level&quot;:2,&quot;sellerId&quot;:null,&quot;slug&quot;:&quot;fournitures-scolaires-papeterie&quot;,&quot;selected&quot;:false,&quot;children&quot;:[{&quot;name&quot;:&quot;Cahiers et Feuilles&quot;,&quot;code&quot;:&quot;R21F03SF01&quot;,&quot;id&quot;:&quot;26160&quot;,&quot;type&quot;:&quot;RAYON&quot;,&quot;picto&quot;:null,&quot;level&quot;:3,&quot;sellerId&quot;:null,&quot;slug&quot;:&quot;cahier-feuilles&quot;,&quot;selected&quot;:false,&quot;children&quot;:[{&quot;name&quot;:&quot;Cahiers&quot;,&quot;code&quot;:&quot;R21F03SF01SS01&quot;,&quot;id&quot;:&quot;26175&quot;,&quot;type&quot;:&quot;RAYON&quot;,&quot;picto&quot;:null,&quot;level&quot;:4,&quot;sellerId&quot;:null,&quot;slug&quot;:&quot;cahiers&quot;,&quot;selected&quot;:false,&quot;children&quot;:null,&quot;layers&quot;:&quot;\/navigation\/26175\/layers&quot;,&quot;link&quot;:&quot;\/r\/informatique-bureau\/fournitures-scolaires-papeterie\/cahier-feuilles\/cahiers&quot;},{&quot;name&quot;:&quot;Feuilles&quot;,&quot;code&quot;:&quot;R21F03SF01SS02&quot;,&quot;id&quot;:&quot;26178&quot;,&quot;type&quot;:&quot;RAYON&quot;,&quot;picto&quot;:null,&quot;level&quot;:4,&quot;sellerId&quot;:null,&quot;slug&quot;:&quot;feuilles&quot;,&quot;selected&quot;:false,&quot;children&quot;:null,&quot;layers&quot;:&quot;\/navigation\/26178\/layers&quot;,&quot;link&quot;:&quot;\/r\/informatique-bureau\/fournitures-scolaires-papeterie\/cahier-feuilles\/feuilles&quot;},{&quot;name&quot;:&quot;Bloc-notes, Post-it et Carnets&quot;,&quot;code&quot;:&quot;R21F03SF01SS03&quot;,&quot;id&quot;:&quot;26181&quot;,&quot;type&quot;:&quot;RAYON&quot;,&quot;picto&quot;:null,&quot;level&quot;:4,&quot;sellerId&quot;:null,&quot;slug&quot;:&quot;bloc-notes-post-it-carnets&quot;,&quot;selected&quot;:false,&quot;children&quot;:null,&quot;layers&quot;:&quot;\/navigation\/26181\/layers&quot;,&quot;link&quot;:&quot;\/r\/informatique-bureau\/fournitures-scolaires-papeterie\/cahier-feuilles\/bloc-notes-post-it-carnets&quot;}],&quot;layers&quot;:&quot;\/navigation\/26160\/layers&quot;,&quot;link&quot;:&quot;\/r\/informatique-bureau\/fournitures-scolaires-papeterie\/cahier-feuilles&quot;},{&quot;name&quot;:&quot;Ecriture&quot;,&quot;code&quot;:&quot;R21F03SF02&quot;,&quot;id&quot;:&quot;26162&quot;,&quot;type&quot;:&quot;RAYON&quot;,&quot;picto&quot;:null,&quot;level&quot;:3,&quot;sellerId&quot;:null,&quot;slug&quot;:&quot;ecriture&quot;,&quot;selected&quot;:false,&quot;children&quot;:[{&quot;name&quot;:&quot;Stylos feutre et Rollers&quot;,&quot;code&quot;:&quot;R21F03SF02SS01&quot;,&quot;id&quot;:&quot;26183&quot;,&quot;type&quot;:&quot;RAYON&quot;,&quot;picto&quot;:null,&quot;level&quot;:4,&quot;sellerId&quot;:null,&quot;slug&quot;:&quot;stylos-feutres-rollers&quot;,&quot;selected&quot;:false,&quot;children&quot;:null,&quot;layers&quot;:&quot;\/navigation\/26183\/layers&quot;,&quot;link&quot;:&quot;\/r\/informatique-bureau\/fournitures-scolaires-papeterie\/ecriture\/stylos-feutres-rollers&quot;},{&quot;name&quot;:&quot;Stylos bille&quot;,&quot;code&quot;:&quot;R21F03SF02SS02&quot;,&quot;id&quot;:&quot;26184&quot;,&quot;type&quot;:&quot;RAYON&quot;,&quot;picto&quot;:null,&quot;level&quot;:4,&quot;sellerId&quot;:null,&quot;slug&quot;:&quot;stylos-bille&quot;,&quot;selected&quot;:false,&quot;children&quot;:null,&quot;layers&quot;:&quot;\/navigation\/26184\/layers&quot;,&quot;link&quot;:&quot;\/r\/informatique-bureau\/fournitures-scolaires-papeterie\/ecriture\/stylos-bille&quot;},{&quot;name&quot;:&quot;Stylos plume et Cartouches&quot;,&quot;code&quot;:&quot;R21F03SF02SS03&quot;,&quot;id&quot;:&quot;26186&quot;,&quot;type&quot;:&quot;RAYON&quot;,&quot;picto&quot;:null,&quot;level&quot;:4,&quot;sellerId&quot;:null,&quot;slug&quot;:&quot;stylos-plume-cartouches&quot;,&quot;selected&quot;:false,&quot;children&quot;:null,&quot;layers&quot;:&quot;\/navigation\/26186\/layers&quot;,&quot;link&quot;:&quot;\/r\/informatique-bureau\/fournitures-scolaires-papeterie\/ecriture\/stylos-plume-cartouches&quot;},{&quot;name&quot;:&quot;Effaceurs&quot;,&quot;code&quot;:&quot;R21F03SF02SS04&quot;,&quot;id&quot;:&quot;26188&quot;,&quot;type&quot;:&quot;RAYON&quot;,&quot;picto&quot;:null,&quot;level&quot;:4,&quot;sellerId&quot;:null,&quot;slug&quot;:&quot;effaceurs&quot;,&quot;selected&quot;:false,&quot;children&quot;:null,&quot;layers&quot;:&quot;\/navigation\/26188\/layers&quot;,&quot;link&quot;:&quot;\/r\/informatique-bureau\/fournitures-scolaires-papeterie\/ecriture\/effaceurs&quot;},{&quot;name&quot;:&quot;Crayons papier, Gommes et Taille-crayons&quot;,&quot;code&quot;:&quot;R21F03SF02SS05&quot;,&quot;id&quot;:&quot;26189&quot;,&quot;type&quot;:&quot;RAYON&quot;,&quot;picto&quot;:null,&quot;level&quot;:4,&quot;sellerId&quot;:null,&quot;slug&quot;:&quot;crayons-papier-gomme-taille-crayons&quot;,&quot;selected&quot;:false,&quot;children&quot;:null,&quot;layers&quot;:&quot;\/navigation\/26189\/layers&quot;,&quot;link&quot;:&quot;\/r\/informatique-bureau\/fournitures-scolaires-papeterie\/ecriture\/crayons-papier-gomme-taille-crayons&quot;},{&quot;name&quot;:&quot;Marqueurs et Surligneurs&quot;,&quot;code&quot;:&quot;R21F03SF02SS06&quot;,&quot;id&quot;:&quot;26191&quot;,&quot;type&quot;:&quot;RAYON&quot;,&quot;picto&quot;:null,&quot;level&quot;:4,&quot;sellerId&quot;:null,&quot;slug&quot;:&quot;marqueurs-surligneurs&quot;,&quot;selected&quot;:false,&quot;children&quot;:null,&quot;layers&quot;:&quot;\/navigation\/26191\/layers&quot;,&quot;link&quot;:&quot;\/r\/informatique-bureau\/fournitures-scolaires-papeterie\/ecriture\/marqueurs-surligneurs&quot;}],&quot;layers&quot;:&quot;\/navigation\/26162\/layers&quot;,&quot;link&quot;:&quot;\/r\/informatique-bureau\/fournitures-scolaires-papeterie\/ecriture&quot;},{&quot;name&quot;:&quot;Dessin&quot;,&quot;code&quot;:&quot;R21F03SF03&quot;,&quot;id&quot;:&quot;26163&quot;,&quot;type&quot;:&quot;RAYON&quot;,&quot;picto&quot;:null,&quot;level&quot;:3,&quot;sellerId&quot;:null,&quot;slug&quot;:&quot;dessin&quot;,&quot;selected&quot;:false,&quot;children&quot;:[{&quot;name&quot;:&quot;Papier dessin et sp\u00e9cial&quot;,&quot;code&quot;:&quot;R21F03SF03SS01&quot;,&quot;id&quot;:&quot;26193&quot;,&quot;type&quot;:&quot;RAYON&quot;,&quot;picto&quot;:null,&quot;level&quot;:4,&quot;sellerId&quot;:null,&quot;slug&quot;:&quot;papier-dessin-special&quot;,&quot;selected&quot;:false,&quot;children&quot;:null,&quot;layers&quot;:&quot;\/navigation\/26193\/layers&quot;,&quot;link&quot;:&quot;\/r\/informatique-bureau\/fournitures-scolaires-papeterie\/dessin\/papier-dessin-special&quot;},{&quot;name&quot;:&quot;Crayons de couleur&quot;,&quot;code&quot;:&quot;R21F03SF03SS02&quot;,&quot;id&quot;:&quot;26194&quot;,&quot;type&quot;:&quot;RAYON&quot;,&quot;picto&quot;:null,&quot;level&quot;:4,&quot;sellerId&quot;:null,&quot;slug&quot;:&quot;crayons-de-couleur-&quot;,&quot;selected&quot;:false,&quot;children&quot;:null,&quot;layers&quot;:&quot;\/navigation\/26194\/layers&quot;,&quot;link&quot;:&quot;\/r\/informatique-bureau\/fournitures-scolaires-papeterie\/dessin\/crayons-de-couleur-&quot;},{&quot;name&quot;:&quot;Feutres&quot;,&quot;code&quot;:&quot;R21F03SF03SS03&quot;,&quot;id&quot;:&quot;26196&quot;,&quot;type&quot;:&quot;RAYON&quot;,&quot;picto&quot;:null,&quot;level&quot;:4,&quot;sellerId&quot;:null,&quot;slug&quot;:&quot;feutres&quot;,&quot;selected&quot;:false,&quot;children&quot;:null,&quot;layers&quot;:&quot;\/navigation\/26196\/layers&quot;,&quot;link&quot;:&quot;\/r\/informatique-bureau\/fournitures-scolaires-papeterie\/dessin\/feutres&quot;},{&quot;name&quot;:&quot;Peintures, Blouses et Ardoises&quot;,&quot;code&quot;:&quot;R21F03SF03SS04&quot;,&quot;id&quot;:&quot;26197&quot;,&quot;type&quot;:&quot;RAYON&quot;,&quot;picto&quot;:null,&quot;level&quot;:4,&quot;sellerId&quot;:null,&quot;slug&quot;:&quot;peintures-blouses-ardoises&quot;,&quot;selected&quot;:false,&quot;children&quot;:null,&quot;layers&quot;:&quot;\/navigation\/26197\/layers&quot;,&quot;link&quot;:&quot;\/r\/informatique-bureau\/fournitures-scolaires-papeterie\/dessin\/peintures-blouses-ardoises&quot;}],&quot;layers&quot;:&quot;\/navigation\/26163\/layers&quot;,&quot;link&quot;:&quot;\/r\/informatique-bureau\/fournitures-scolaires-papeterie\/dessin&quot;},{&quot;name&quot;:&quot;Petites fournitures&quot;,&quot;code&quot;:&quot;R21F03SF04&quot;,&quot;id&quot;:&quot;26165&quot;,&quot;type&quot;:&quot;RAYON&quot;,&quot;picto&quot;:null,&quot;level&quot;:3,&quot;sellerId&quot;:null,&quot;slug&quot;:&quot;petites-fournitures&quot;,&quot;selected&quot;:false,&quot;children&quot;:[{&quot;name&quot;:&quot;Agrafeuses et Perforatrices&quot;,&quot;code&quot;:&quot;R21F03SF04SS01&quot;,&quot;id&quot;:&quot;26199&quot;,&quot;type&quot;:&quot;RAYON&quot;,&quot;picto&quot;:null,&quot;level&quot;:4,&quot;sellerId&quot;:null,&quot;slug&quot;:&quot;agrafeuses-perforatrices&quot;,&quot;selected&quot;:false,&quot;children&quot;:null,&quot;layers&quot;:&quot;\/navigation\/26199\/layers&quot;,&quot;link&quot;:&quot;\/r\/informatique-bureau\/fournitures-scolaires-papeterie\/petites-fournitures\/agrafeuses-perforatrices&quot;},{&quot;name&quot;:&quot;Ciseaux et Coupe&quot;,&quot;code&quot;:&quot;R21F03SF04SS02&quot;,&quot;id&quot;:&quot;26201&quot;,&quot;type&quot;:&quot;RAYON&quot;,&quot;picto&quot;:null,&quot;level&quot;:4,&quot;sellerId&quot;:null,&quot;slug&quot;:&quot;ciseaux-coupe&quot;,&quot;selected&quot;:false,&quot;children&quot;:null,&quot;layers&quot;:&quot;\/navigation\/26201\/layers&quot;,&quot;link&quot;:&quot;\/r\/informatique-bureau\/fournitures-scolaires-papeterie\/petites-fournitures\/ciseaux-coupe&quot;},{&quot;name&quot;:&quot;R\u00e8gles, Equerres et Rapporteurs&quot;,&quot;code&quot;:&quot;R21F03SF04SS03&quot;,&quot;id&quot;:&quot;26203&quot;,&quot;type&quot;:&quot;RAYON&quot;,&quot;picto&quot;:null,&quot;level&quot;:4,&quot;sellerId&quot;:null,&quot;slug&quot;:&quot;regles-equerres-rapporteurs&quot;,&quot;selected&quot;:false,&quot;children&quot;:null,&quot;layers&quot;:&quot;\/navigation\/26203\/layers&quot;,&quot;link&quot;:&quot;\/r\/informatique-bureau\/fournitures-scolaires-papeterie\/petites-fournitures\/regles-equerres-rapporteurs&quot;},{&quot;name&quot;:&quot;Colles, Adh\u00e9sifs et Oeillets&quot;,&quot;code&quot;:&quot;R21F03SF04SS04&quot;,&quot;id&quot;:&quot;26207&quot;,&quot;type&quot;:&quot;RAYON&quot;,&quot;picto&quot;:null,&quot;level&quot;:4,&quot;sellerId&quot;:null,&quot;slug&quot;:&quot;colles-adhesifs-oeuillets&quot;,&quot;selected&quot;:false,&quot;children&quot;:null,&quot;layers&quot;:&quot;\/navigation\/26207\/layers&quot;,&quot;link&quot;:&quot;\/r\/informatique-bureau\/fournitures-scolaires-papeterie\/petites-fournitures\/colles-adhesifs-oeuillets&quot;},{&quot;name&quot;:&quot;Etiquettes et Tampons&quot;,&quot;code&quot;:&quot;R21F03SF04SS05&quot;,&quot;id&quot;:&quot;26209&quot;,&quot;type&quot;:&quot;RAYON&quot;,&quot;picto&quot;:null,&quot;level&quot;:4,&quot;sellerId&quot;:null,&quot;slug&quot;:&quot;etiquettes-tampons&quot;,&quot;selected&quot;:false,&quot;children&quot;:null,&quot;layers&quot;:&quot;\/navigation\/26209\/layers&quot;,&quot;link&quot;:&quot;\/r\/informatique-bureau\/fournitures-scolaires-papeterie\/petites-fournitures\/etiquettes-tampons&quot;}],&quot;layers&quot;:&quot;\/navigation\/26165\/layers&quot;,&quot;link&quot;:&quot;\/r\/informatique-bureau\/fournitures-scolaires-papeterie\/petites-fournitures&quot;},{&quot;name&quot;:&quot;Calculatrices&quot;,&quot;code&quot;:&quot;R21F03SF05&quot;,&quot;id&quot;:&quot;26166&quot;,&quot;type&quot;:&quot;RAYON&quot;,&quot;picto&quot;:null,&quot;level&quot;:3,&quot;sellerId&quot;:null,&quot;slug&quot;:&quot;calculatrices&quot;,&quot;selected&quot;:false,&quot;children&quot;:null,&quot;layers&quot;:&quot;\/navigation\/26166\/layers&quot;,&quot;link&quot;:&quot;\/r\/informatique-bureau\/fournitures-scolaires-papeterie\/calculatrices&quot;},{&quot;name&quot;:&quot;Classement et Protections&quot;,&quot;code&quot;:&quot;R21F03SF07&quot;,&quot;id&quot;:&quot;26170&quot;,&quot;type&quot;:&quot;RAYON&quot;,&quot;picto&quot;:null,&quot;level&quot;:3,&quot;sellerId&quot;:null,&quot;slug&quot;:&quot;classement-protections&quot;,&quot;selected&quot;:false,&quot;children&quot;:[{&quot;name&quot;:&quot;Classeurs et Intercalaires&quot;,&quot;code&quot;:&quot;R21F03SF07SS01&quot;,&quot;id&quot;:&quot;26217&quot;,&quot;type&quot;:&quot;RAYON&quot;,&quot;picto&quot;:null,&quot;level&quot;:4,&quot;sellerId&quot;:null,&quot;slug&quot;:&quot;classeurs-intercalaires&quot;,&quot;selected&quot;:false,&quot;children&quot;:null,&quot;layers&quot;:&quot;\/navigation\/26217\/layers&quot;,&quot;link&quot;:&quot;\/r\/informatique-bureau\/fournitures-scolaires-papeterie\/classement-protections\/classeurs-intercalaires&quot;},{&quot;name&quot;:&quot;Chemises et Trieurs&quot;,&quot;code&quot;:&quot;R21F03SF07SS02&quot;,&quot;id&quot;:&quot;26220&quot;,&quot;type&quot;:&quot;RAYON&quot;,&quot;picto&quot;:null,&quot;level&quot;:4,&quot;sellerId&quot;:null,&quot;slug&quot;:&quot;chemises-trieurs&quot;,&quot;selected&quot;:false,&quot;children&quot;:null,&quot;layers&quot;:&quot;\/navigation\/26220\/layers&quot;,&quot;link&quot;:&quot;\/r\/informatique-bureau\/fournitures-scolaires-papeterie\/classement-protections\/chemises-trieurs&quot;},{&quot;name&quot;:&quot;Pochettes&quot;,&quot;code&quot;:&quot;R21F03SF07SS03&quot;,&quot;id&quot;:&quot;26232&quot;,&quot;type&quot;:&quot;RAYON&quot;,&quot;picto&quot;:null,&quot;level&quot;:4,&quot;sellerId&quot;:null,&quot;slug&quot;:&quot;pochettes&quot;,&quot;selected&quot;:false,&quot;children&quot;:null,&quot;layers&quot;:&quot;\/navigation\/26232\/layers&quot;,&quot;link&quot;:&quot;\/r\/informatique-bureau\/fournitures-scolaires-papeterie\/classement-protections\/pochettes&quot;},{&quot;name&quot;:&quot;Prot\u00e8ges cahier&quot;,&quot;code&quot;:&quot;R21F03SF07SS04&quot;,&quot;id&quot;:&quot;26221&quot;,&quot;type&quot;:&quot;RAYON&quot;,&quot;picto&quot;:null,&quot;level&quot;:4,&quot;sellerId&quot;:null,&quot;slug&quot;:&quot;proteges-cahier&quot;,&quot;selected&quot;:false,&quot;children&quot;:null,&quot;layers&quot;:&quot;\/navigation\/26221\/layers&quot;,&quot;link&quot;:&quot;\/r\/informatique-bureau\/fournitures-scolaires-papeterie\/classement-protections\/proteges-cahier&quot;}],&quot;layers&quot;:&quot;\/navigation\/26170\/layers&quot;,&quot;link&quot;:&quot;\/r\/informatique-bureau\/fournitures-scolaires-papeterie\/classement-protections&quot;},{&quot;name&quot;:&quot;Agendas et Accessoires de bureau&quot;,&quot;code&quot;:&quot;R21F03SF08&quot;,&quot;id&quot;:&quot;26172&quot;,&quot;type&quot;:&quot;RAYON&quot;,&quot;picto&quot;:null,&quot;level&quot;:3,&quot;sellerId&quot;:null,&quot;slug&quot;:&quot;agendas-accessoires-de-bureau&quot;,&quot;selected&quot;:false,&quot;children&quot;:[{&quot;name&quot;:&quot;Enveloppes et Papier \u00e0 lettre&quot;,&quot;code&quot;:&quot;R21F03SF08SS01&quot;,&quot;id&quot;:&quot;26223&quot;,&quot;type&quot;:&quot;RAYON&quot;,&quot;picto&quot;:null,&quot;level&quot;:4,&quot;sellerId&quot;:null,&quot;slug&quot;:&quot;enveloppes-papier-a-lettre&quot;,&quot;selected&quot;:false,&quot;children&quot;:null,&quot;layers&quot;:&quot;\/navigation\/26223\/layers&quot;,&quot;link&quot;:&quot;\/r\/informatique-bureau\/fournitures-scolaires-papeterie\/agendas-accessoires-de-bureau\/enveloppes-papier-a-lettre&quot;},{&quot;name&quot;:&quot;Carterie&quot;,&quot;code&quot;:&quot;R21F03SF08SS02&quot;,&quot;id&quot;:&quot;26225&quot;,&quot;type&quot;:&quot;RAYON&quot;,&quot;picto&quot;:null,&quot;level&quot;:4,&quot;sellerId&quot;:null,&quot;slug&quot;:&quot;carterie&quot;,&quot;selected&quot;:false,&quot;children&quot;:null,&quot;layers&quot;:&quot;\/navigation\/26225\/layers&quot;,&quot;link&quot;:&quot;\/r\/informatique-bureau\/fournitures-scolaires-papeterie\/agendas-accessoires-de-bureau\/carterie&quot;},{&quot;name&quot;:&quot;Agendas, Journaux et Calendriers&quot;,&quot;code&quot;:&quot;R21F03SF08SS03&quot;,&quot;id&quot;:&quot;26227&quot;,&quot;type&quot;:&quot;RAYON&quot;,&quot;picto&quot;:null,&quot;level&quot;:4,&quot;sellerId&quot;:null,&quot;slug&quot;:&quot;agendas-journaux-calendriers&quot;,&quot;selected&quot;:false,&quot;children&quot;:null,&quot;layers&quot;:&quot;\/navigation\/26227\/layers&quot;,&quot;link&quot;:&quot;\/r\/informatique-bureau\/fournitures-scolaires-papeterie\/agendas-accessoires-de-bureau\/agendas-journaux-calendriers&quot;},{&quot;name&quot;:&quot;Trombones et autres fournitures de bureau&quot;,&quot;code&quot;:&quot;R21F03SF08SS05&quot;,&quot;id&quot;:&quot;26231&quot;,&quot;type&quot;:&quot;RAYON&quot;,&quot;picto&quot;:null,&quot;level&quot;:4,&quot;sellerId&quot;:null,&quot;slug&quot;:&quot;trombones-autres-fournitures-bureau&quot;,&quot;selected&quot;:false,&quot;children&quot;:null,&quot;layers&quot;:&quot;\/navigation\/26231\/layers&quot;,&quot;link&quot;:&quot;\/r\/informatique-bureau\/fournitures-scolaires-papeterie\/agendas-accessoires-de-bureau\/trombones-autres-fournitures-bureau&quot;},{&quot;name&quot;:&quot;Papier cadeau et Boites&quot;,&quot;code&quot;:&quot;R21F03SF08SS06&quot;,&quot;id&quot;:&quot;26234&quot;,&quot;type&quot;:&quot;RAYON&quot;,&quot;picto&quot;:null,&quot;level&quot;:4,&quot;sellerId&quot;:null,&quot;slug&quot;:&quot;papier-cadeau-boites&quot;,&quot;selected&quot;:false,&quot;children&quot;:null,&quot;layers&quot;:&quot;\/navigation\/26234\/layers&quot;,&quot;link&quot;:&quot;\/r\/informatique-bureau\/fournitures-scolaires-papeterie\/agendas-accessoires-de-bureau\/papier-cadeau-boites&quot;}],&quot;layers&quot;:&quot;\/navigation\/26172\/layers&quot;,&quot;link&quot;:&quot;\/r\/informatique-bureau\/fournitures-scolaires-papeterie\/agendas-accessoires-de-bureau&quot;},{&quot;name&quot;:&quot;Albums photo&quot;,&quot;code&quot;:&quot;R21F03SF09&quot;,&quot;id&quot;:&quot;26174&quot;,&quot;type&quot;:&quot;RAYON&quot;,&quot;picto&quot;:null,&quot;level&quot;:3,&quot;sellerId&quot;:null,&quot;slug&quot;:&quot;albums-photo&quot;,&quot;selected&quot;:false,&quot;children&quot;:null,&quot;layers&quot;:&quot;\/navigation\/26174\/layers&quot;,&quot;link&quot;:&quot;\/r\/informatique-bureau\/fournitures-scolaires-papeterie\/albums-photo&quot;}],&quot;layers&quot;:&quot;\/navigation\/26044\/layers&quot;,&quot;link&quot;:&quot;\/r\/informatique-bureau\/fournitures-scolaires-papeterie&quot;}],&quot;layers&quot;:&quot;\/navigation\/26018\/layers&quot;,&quot;link&quot;:&quot;\/r\/informatique-bureau&quot;},{&quot;name&quot;:&quot;Jouets, Sports et Loisirs&quot;,&quot;code&quot;:&quot;R22&quot;,&quot;id&quot;:&quot;26590&quot;,&quot;type&quot;:&quot;RAYON&quot;,&quot;picto&quot;:&quot;https:\/\/media.carrefour.fr\/medias\/b977286587613675b3dfa62218d5f32e\/p_96x96\/26590.jpg&quot;,&quot;level&quot;:1,&quot;sellerId&quot;:null,&quot;slug&quot;:&quot;jouets-sports-loisirs&quot;,&quot;selected&quot;:false,&quot;children&quot;:[{&quot;name&quot;:&quot;Jeux et Jouets&quot;,&quot;code&quot;:&quot;R22F01&quot;,&quot;id&quot;:&quot;26068&quot;,&quot;type&quot;:&quot;RAYON&quot;,&quot;picto&quot;:null,&quot;level&quot;:2,&quot;sellerId&quot;:null,&quot;slug&quot;:&quot;jeux-jouets&quot;,&quot;selected&quot;:false,&quot;children&quot;:[{&quot;name&quot;:&quot;Jouets 1er \u00e2ge et Peluches&quot;,&quot;code&quot;:&quot;R22F01SF01&quot;,&quot;id&quot;:&quot;26289&quot;,&quot;type&quot;:&quot;RAYON&quot;,&quot;picto&quot;:null,&quot;level&quot;:3,&quot;sellerId&quot;:null,&quot;slug&quot;:&quot;jouets-1-age-peluches&quot;,&quot;selected&quot;:false,&quot;children&quot;:[{&quot;name&quot;:&quot;Peluches&quot;,&quot;code&quot;:&quot;R22F01SF01SS01&quot;,&quot;id&quot;:&quot;26529&quot;,&quot;type&quot;:&quot;RAYON&quot;,&quot;picto&quot;:null,&quot;level&quot;:4,&quot;sellerId&quot;:null,&quot;slug&quot;:&quot;peluches&quot;,&quot;selected&quot;:false,&quot;children&quot;:null,&quot;layers&quot;:&quot;\/navigation\/26529\/layers&quot;,&quot;link&quot;:&quot;\/r\/jouets-sports-loisirs\/jeux-jouets\/jouets-1-age-peluches\/peluches&quot;},{&quot;name&quot;:&quot;Jouets d&#039;\u00e9veil &quot;,&quot;code&quot;:&quot;R22F01SF01SS02&quot;,&quot;id&quot;:&quot;26530&quot;,&quot;type&quot;:&quot;RAYON&quot;,&quot;picto&quot;:null,&quot;level&quot;:4,&quot;sellerId&quot;:null,&quot;slug&quot;:&quot;jouets-eveil&quot;,&quot;selected&quot;:false,&quot;children&quot;:null,&quot;layers&quot;:&quot;\/navigation\/26530\/layers&quot;,&quot;link&quot;:&quot;\/r\/jouets-sports-loisirs\/jeux-jouets\/jouets-1-age-peluches\/jouets-eveil&quot;},{&quot;name&quot;:&quot;Jouets de bain&quot;,&quot;code&quot;:&quot;R22F01SF01SS03&quot;,&quot;id&quot;:&quot;26531&quot;,&quot;type&quot;:&quot;RAYON&quot;,&quot;picto&quot;:null,&quot;level&quot;:4,&quot;sellerId&quot;:null,&quot;slug&quot;:&quot;jouets-de-bain&quot;,&quot;selected&quot;:false,&quot;children&quot;:null,&quot;layers&quot;:&quot;\/navigation\/26531\/layers&quot;,&quot;link&quot;:&quot;\/r\/jouets-sports-loisirs\/jeux-jouets\/jouets-1-age-peluches\/jouets-de-bain&quot;},{&quot;name&quot;:&quot;Jouets de construction et assemblage&quot;,&quot;code&quot;:&quot;R22F01SF01SS04&quot;,&quot;id&quot;:&quot;26532&quot;,&quot;type&quot;:&quot;RAYON&quot;,&quot;picto&quot;:null,&quot;level&quot;:4,&quot;sellerId&quot;:null,&quot;slug&quot;:&quot;jouets-construction-assemblage&quot;,&quot;selected&quot;:false,&quot;children&quot;:null,&quot;layers&quot;:&quot;\/navigation\/26532\/layers&quot;,&quot;link&quot;:&quot;\/r\/jouets-sports-loisirs\/jeux-jouets\/jouets-1-age-peluches\/jouets-construction-assemblage&quot;},{&quot;name&quot;:&quot;Tapis, Mobiles et Veilleuses&quot;,&quot;code&quot;:&quot;R22F01SF01SS05&quot;,&quot;id&quot;:&quot;26533&quot;,&quot;type&quot;:&quot;RAYON&quot;,&quot;picto&quot;:null,&quot;level&quot;:4,&quot;sellerId&quot;:null,&quot;slug&quot;:&quot;tapis-mobiles-veilleuses&quot;,&quot;selected&quot;:false,&quot;children&quot;:null,&quot;layers&quot;:&quot;\/navigation\/26533\/layers&quot;,&quot;link&quot;:&quot;\/r\/jouets-sports-loisirs\/jeux-jouets\/jouets-1-age-peluches\/tapis-mobiles-veilleuses&quot;},{&quot;name&quot;:&quot;Jouets en bois &quot;,&quot;code&quot;:&quot;R22F01SF01SS06&quot;,&quot;id&quot;:&quot;26534&quot;,&quot;type&quot;:&quot;RAYON&quot;,&quot;picto&quot;:null,&quot;level&quot;:4,&quot;sellerId&quot;:null,&quot;slug&quot;:&quot;jouets-en-bois&quot;,&quot;selected&quot;:false,&quot;children&quot;:null,&quot;layers&quot;:&quot;\/navigation\/26534\/layers&quot;,&quot;link&quot;:&quot;\/r\/jouets-sports-loisirs\/jeux-jouets\/jouets-1-age-peluches\/jouets-en-bois&quot;},{&quot;name&quot;:&quot;Hochets et Anneaux&quot;,&quot;code&quot;:&quot;R22F01SF01SS07&quot;,&quot;id&quot;:&quot;26535&quot;,&quot;type&quot;:&quot;RAYON&quot;,&quot;picto&quot;:null,&quot;level&quot;:4,&quot;sellerId&quot;:null,&quot;slug&quot;:&quot;hochets-anneaux&quot;,&quot;selected&quot;:false,&quot;children&quot;:null,&quot;layers&quot;:&quot;\/navigation\/26535\/layers&quot;,&quot;link&quot;:&quot;\/r\/jouets-sports-loisirs\/jeux-jouets\/jouets-1-age-peluches\/hochets-anneaux&quot;}],&quot;layers&quot;:&quot;\/navigation\/26289\/layers&quot;,&quot;link&quot;:&quot;\/r\/jouets-sports-loisirs\/jeux-jouets\/jouets-1-age-peluches&quot;},{&quot;name&quot;:&quot;Jeux \u00e9ducatifs&quot;,&quot;code&quot;:&quot;R22F01SF02&quot;,&quot;id&quot;:&quot;26288&quot;,&quot;type&quot;:&quot;RAYON&quot;,&quot;picto&quot;:null,&quot;level&quot;:3,&quot;sellerId&quot;:null,&quot;slug&quot;:&quot;jeux-educatifs&quot;,&quot;selected&quot;:false,&quot;children&quot;:[{&quot;name&quot;:&quot;Ordinateurs et Tablettes enfants \u00e9lectroniques&quot;,&quot;code&quot;:&quot;R22F01SF02SS01&quot;,&quot;id&quot;:&quot;26525&quot;,&quot;type&quot;:&quot;RAYON&quot;,&quot;picto&quot;:null,&quot;level&quot;:4,&quot;sellerId&quot;:null,&quot;slug&quot;:&quot;ordinateurs-tablettes-enfants-electroniques&quot;,&quot;selected&quot;:false,&quot;children&quot;:null,&quot;layers&quot;:&quot;\/navigation\/26525\/layers&quot;,&quot;link&quot;:&quot;\/r\/jouets-sports-loisirs\/jeux-jouets\/jeux-educatifs\/ordinateurs-tablettes-enfants-electroniques&quot;},{&quot;name&quot;:&quot;Jeux \u00e9ducatifs &quot;,&quot;code&quot;:&quot;R22F01SF02SS02&quot;,&quot;id&quot;:&quot;26528&quot;,&quot;type&quot;:&quot;RAYON&quot;,&quot;picto&quot;:null,&quot;level&quot;:4,&quot;sellerId&quot;:null,&quot;slug&quot;:&quot;jeux-educatifs&quot;,&quot;selected&quot;:false,&quot;children&quot;:null,&quot;layers&quot;:&quot;\/navigation\/26528\/layers&quot;,&quot;link&quot;:&quot;\/r\/jouets-sports-loisirs\/jeux-jouets\/jeux-educatifs\/jeux-educatifs&quot;},{&quot;name&quot;:&quot;Jeux scientifiques&quot;,&quot;code&quot;:&quot;R22F01SF02SS03&quot;,&quot;id&quot;:&quot;26526&quot;,&quot;type&quot;:&quot;RAYON&quot;,&quot;picto&quot;:null,&quot;level&quot;:4,&quot;sellerId&quot;:null,&quot;slug&quot;:&quot;jeux-scientifiques&quot;,&quot;selected&quot;:false,&quot;children&quot;:null,&quot;layers&quot;:&quot;\/navigation\/26526\/layers&quot;,&quot;link&quot;:&quot;\/r\/jouets-sports-loisirs\/jeux-jouets\/jeux-educatifs\/jeux-scientifiques&quot;},{&quot;name&quot;:&quot;Premiers apprentissages&quot;,&quot;code&quot;:&quot;R22F01SF02SS04&quot;,&quot;id&quot;:&quot;26527&quot;,&quot;type&quot;:&quot;RAYON&quot;,&quot;picto&quot;:null,&quot;level&quot;:4,&quot;sellerId&quot;:null,&quot;slug&quot;:&quot;premiers-apprentissages&quot;,&quot;selected&quot;:false,&quot;children&quot;:null,&quot;layers&quot;:&quot;\/navigation\/26527\/layers&quot;,&quot;link&quot;:&quot;\/r\/jouets-sports-loisirs\/jeux-jouets\/jeux-educatifs\/premiers-apprentissages&quot;}],&quot;layers&quot;:&quot;\/navigation\/26288\/layers&quot;,&quot;link&quot;:&quot;\/r\/jouets-sports-loisirs\/jeux-jouets\/jeux-educatifs&quot;},{&quot;name&quot;:&quot;Jeux d&#039;imitation et D\u00e9guisements&quot;,&quot;code&quot;:&quot;R22F01SF03&quot;,&quot;id&quot;:&quot;26290&quot;,&quot;type&quot;:&quot;RAYON&quot;,&quot;picto&quot;:null,&quot;level&quot;:3,&quot;sellerId&quot;:null,&quot;slug&quot;:&quot;jeux-imitation-deguisements&quot;,&quot;selected&quot;:false,&quot;children&quot;:[{&quot;name&quot;:&quot;Cuisines, Dinettes et Marchandes&quot;,&quot;code&quot;:&quot;R22F01SF03SS01&quot;,&quot;id&quot;:&quot;26537&quot;,&quot;type&quot;:&quot;RAYON&quot;,&quot;picto&quot;:null,&quot;level&quot;:4,&quot;sellerId&quot;:null,&quot;slug&quot;:&quot;cuisines-dinettes-marchandes&quot;,&quot;selected&quot;:false,&quot;children&quot;:null,&quot;layers&quot;:&quot;\/navigation\/26537\/layers&quot;,&quot;link&quot;:&quot;\/r\/jouets-sports-loisirs\/jeux-jouets\/jeux-imitation-deguisements\/cuisines-dinettes-marchandes&quot;},{&quot;name&quot;:&quot;Jouets de bricolage&quot;,&quot;code&quot;:&quot;R22F01SF03SS02&quot;,&quot;id&quot;:&quot;26538&quot;,&quot;type&quot;:&quot;RAYON&quot;,&quot;picto&quot;:null,&quot;level&quot;:4,&quot;sellerId&quot;:null,&quot;slug&quot;:&quot;jouets-bricolage&quot;,&quot;selected&quot;:false,&quot;children&quot;:null,&quot;layers&quot;:&quot;\/navigation\/26538\/layers&quot;,&quot;link&quot;:&quot;\/r\/jouets-sports-loisirs\/jeux-jouets\/jeux-imitation-deguisements\/jouets-bricolage&quot;},{&quot;name&quot;:&quot;M\u00e9nage&quot;,&quot;code&quot;:&quot;R22F01SF03SS03&quot;,&quot;id&quot;:&quot;26539&quot;,&quot;type&quot;:&quot;RAYON&quot;,&quot;picto&quot;:null,&quot;level&quot;:4,&quot;sellerId&quot;:null,&quot;slug&quot;:&quot;menage&quot;,&quot;selected&quot;:false,&quot;children&quot;:null,&quot;layers&quot;:&quot;\/navigation\/26539\/layers&quot;,&quot;link&quot;:&quot;\/r\/jouets-sports-loisirs\/jeux-jouets\/jeux-imitation-deguisements\/menage&quot;},{&quot;name&quot;:&quot;Docteur et V\u00e9t\u00e9rinaire&quot;,&quot;code&quot;:&quot;R22F01SF03SS04&quot;,&quot;id&quot;:&quot;26540&quot;,&quot;type&quot;:&quot;RAYON&quot;,&quot;picto&quot;:null,&quot;level&quot;:4,&quot;sellerId&quot;:null,&quot;slug&quot;:&quot;docteur-veterinaire&quot;,&quot;selected&quot;:false,&quot;children&quot;:null,&quot;layers&quot;:&quot;\/navigation\/26540\/layers&quot;,&quot;link&quot;:&quot;\/r\/jouets-sports-loisirs\/jeux-jouets\/jeux-imitation-deguisements\/docteur-veterinaire&quot;},{&quot;name&quot;:&quot;T\u00eates \u00e0 coiffer, Maquillage et Bijoux&quot;,&quot;code&quot;:&quot;R22F01SF03SS05&quot;,&quot;id&quot;:&quot;26536&quot;,&quot;type&quot;:&quot;RAYON&quot;,&quot;picto&quot;:null,&quot;level&quot;:4,&quot;sellerId&quot;:null,&quot;slug&quot;:&quot;tetes-a-coiffer-maquillage-bijoux&quot;,&quot;selected&quot;:false,&quot;children&quot;:null,&quot;layers&quot;:&quot;\/navigation\/26536\/layers&quot;,&quot;link&quot;:&quot;\/r\/jouets-sports-loisirs\/jeux-jouets\/jeux-imitation-deguisements\/tetes-a-coiffer-maquillage-bijoux&quot;},{&quot;name&quot;:&quot;D\u00e9guisements&quot;,&quot;code&quot;:&quot;R22F01SF03SS06&quot;,&quot;id&quot;:&quot;26541&quot;,&quot;type&quot;:&quot;RAYON&quot;,&quot;picto&quot;:null,&quot;level&quot;:4,&quot;sellerId&quot;:null,&quot;slug&quot;:&quot;deguisements&quot;,&quot;selected&quot;:false,&quot;children&quot;:null,&quot;layers&quot;:&quot;\/navigation\/26541\/layers&quot;,&quot;link&quot;:&quot;\/r\/jouets-sports-loisirs\/jeux-jouets\/jeux-imitation-deguisements\/deguisements&quot;}],&quot;layers&quot;:&quot;\/navigation\/26290\/layers&quot;,&quot;link&quot;:&quot;\/r\/jouets-sports-loisirs\/jeux-jouets\/jeux-imitation-deguisements&quot;},{&quot;name&quot;:&quot;Jeux de construction&quot;,&quot;code&quot;:&quot;R22F01SF04&quot;,&quot;id&quot;:&quot;26291&quot;,&quot;type&quot;:&quot;RAYON&quot;,&quot;picto&quot;:null,&quot;level&quot;:3,&quot;sellerId&quot;:null,&quot;slug&quot;:&quot;jeux-construction&quot;,&quot;selected&quot;:false,&quot;children&quot;:[{&quot;name&quot;:&quot;LEGO&quot;,&quot;code&quot;:&quot;R22F01SF04SS01&quot;,&quot;id&quot;:&quot;26542&quot;,&quot;type&quot;:&quot;RAYON&quot;,&quot;picto&quot;:null,&quot;level&quot;:4,&quot;sellerId&quot;:null,&quot;slug&quot;:&quot;lego&quot;,&quot;selected&quot;:false,&quot;children&quot;:null,&quot;layers&quot;:&quot;\/navigation\/26542\/layers&quot;,&quot;link&quot;:&quot;\/r\/jouets-sports-loisirs\/jeux-jouets\/jeux-construction\/lego&quot;},{&quot;name&quot;:&quot;Playmobil &quot;,&quot;code&quot;:&quot;R22F01SF04SS02&quot;,&quot;id&quot;:&quot;26543&quot;,&quot;type&quot;:&quot;RAYON&quot;,&quot;picto&quot;:null,&quot;level&quot;:4,&quot;sellerId&quot;:null,&quot;slug&quot;:&quot;playmobil&quot;,&quot;selected&quot;:false,&quot;children&quot;:null,&quot;layers&quot;:&quot;\/navigation\/26543\/layers&quot;,&quot;link&quot;:&quot;\/r\/jouets-sports-loisirs\/jeux-jouets\/jeux-construction\/playmobil&quot;},{&quot;name&quot;:&quot;Meccano&quot;,&quot;code&quot;:&quot;R22F01SF04SS03&quot;,&quot;id&quot;:&quot;26545&quot;,&quot;type&quot;:&quot;RAYON&quot;,&quot;picto&quot;:null,&quot;level&quot;:4,&quot;sellerId&quot;:null,&quot;slug&quot;:&quot;meccano&quot;,&quot;selected&quot;:false,&quot;children&quot;:null,&quot;layers&quot;:&quot;\/navigation\/26545\/layers&quot;,&quot;link&quot;:&quot;\/r\/jouets-sports-loisirs\/jeux-jouets\/jeux-construction\/meccano&quot;},{&quot;name&quot;:&quot;Mega Blocks&quot;,&quot;code&quot;:&quot;R22F01SF04SS04&quot;,&quot;id&quot;:&quot;26546&quot;,&quot;type&quot;:&quot;RAYON&quot;,&quot;picto&quot;:null,&quot;level&quot;:4,&quot;sellerId&quot;:null,&quot;slug&quot;:&quot;mega-blocks&quot;,&quot;selected&quot;:false,&quot;children&quot;:null,&quot;layers&quot;:&quot;\/navigation\/26546\/layers&quot;,&quot;link&quot;:&quot;\/r\/jouets-sports-loisirs\/jeux-jouets\/jeux-construction\/mega-blocks&quot;},{&quot;name&quot;:&quot;Geo Mag&quot;,&quot;code&quot;:&quot;R22F01SF04SS05&quot;,&quot;id&quot;:&quot;26547&quot;,&quot;type&quot;:&quot;RAYON&quot;,&quot;picto&quot;:null,&quot;level&quot;:4,&quot;sellerId&quot;:null,&quot;slug&quot;:&quot;geo-mag&quot;,&quot;selected&quot;:false,&quot;children&quot;:null,&quot;layers&quot;:&quot;\/navigation\/26547\/layers&quot;,&quot;link&quot;:&quot;\/r\/jouets-sports-loisirs\/jeux-jouets\/jeux-construction\/geo-mag&quot;},{&quot;name&quot;:&quot;Jeux de construction en bois&quot;,&quot;code&quot;:&quot;R22F01SF04SS06&quot;,&quot;id&quot;:&quot;26544&quot;,&quot;type&quot;:&quot;RAYON&quot;,&quot;picto&quot;:null,&quot;level&quot;:4,&quot;sellerId&quot;:null,&quot;slug&quot;:&quot;jeux-construction-en-bois&quot;,&quot;selected&quot;:false,&quot;children&quot;:null,&quot;layers&quot;:&quot;\/navigation\/26544\/layers&quot;,&quot;link&quot;:&quot;\/r\/jouets-sports-loisirs\/jeux-jouets\/jeux-construction\/jeux-construction-en-bois&quot;},{&quot;name&quot;:&quot;Autres jeux de construction&quot;,&quot;code&quot;:&quot;R22F01SF04SS07&quot;,&quot;id&quot;:&quot;26903&quot;,&quot;type&quot;:&quot;RAYON&quot;,&quot;picto&quot;:null,&quot;level&quot;:4,&quot;sellerId&quot;:null,&quot;slug&quot;:&quot;autres-jeux-de-construction&quot;,&quot;selected&quot;:false,&quot;children&quot;:null,&quot;layers&quot;:&quot;\/navigation\/26903\/layers&quot;,&quot;link&quot;:&quot;\/r\/jouets-sports-loisirs\/jeux-jouets\/jeux-construction\/autres-jeux-de-construction&quot;}],&quot;layers&quot;:&quot;\/navigation\/26291\/layers&quot;,&quot;link&quot;:&quot;\/r\/jouets-sports-loisirs\/jeux-jouets\/jeux-construction&quot;},{&quot;name&quot;:&quot;V\u00e9hicules, Circuits et Garages&quot;,&quot;code&quot;:&quot;R22F01SF05&quot;,&quot;id&quot;:&quot;26297&quot;,&quot;type&quot;:&quot;RAYON&quot;,&quot;picto&quot;:null,&quot;level&quot;:3,&quot;sellerId&quot;:null,&quot;slug&quot;:&quot;vehicules-circuits-garages&quot;,&quot;selected&quot;:false,&quot;children&quot;:[{&quot;name&quot;:&quot;V\u00e9hicules t\u00e9l\u00e9command\u00e9s&quot;,&quot;code&quot;:&quot;R22F01SF05SS01&quot;,&quot;id&quot;:&quot;26572&quot;,&quot;type&quot;:&quot;RAYON&quot;,&quot;picto&quot;:null,&quot;level&quot;:4,&quot;sellerId&quot;:null,&quot;slug&quot;:&quot;vehicules-telecommandes&quot;,&quot;selected&quot;:false,&quot;children&quot;:null,&quot;layers&quot;:&quot;\/navigation\/26572\/layers&quot;,&quot;link&quot;:&quot;\/r\/jouets-sports-loisirs\/jeux-jouets\/vehicules-circuits-garages\/vehicules-telecommandes&quot;},{&quot;name&quot;:&quot;Circuits et Garages&quot;,&quot;code&quot;:&quot;R22F01SF05SS02&quot;,&quot;id&quot;:&quot;26575&quot;,&quot;type&quot;:&quot;RAYON&quot;,&quot;picto&quot;:null,&quot;level&quot;:4,&quot;sellerId&quot;:null,&quot;slug&quot;:&quot;circuits-garages&quot;,&quot;selected&quot;:false,&quot;children&quot;:null,&quot;layers&quot;:&quot;\/navigation\/26575\/layers&quot;,&quot;link&quot;:&quot;\/r\/jouets-sports-loisirs\/jeux-jouets\/vehicules-circuits-garages\/circuits-garages&quot;},{&quot;name&quot;:&quot;Robots et Drones&quot;,&quot;code&quot;:&quot;R22F01SF05SS03&quot;,&quot;id&quot;:&quot;26576&quot;,&quot;type&quot;:&quot;RAYON&quot;,&quot;picto&quot;:null,&quot;level&quot;:4,&quot;sellerId&quot;:null,&quot;slug&quot;:&quot;robots-drones&quot;,&quot;selected&quot;:false,&quot;children&quot;:null,&quot;layers&quot;:&quot;\/navigation\/26576\/layers&quot;,&quot;link&quot;:&quot;\/r\/jouets-sports-loisirs\/jeux-jouets\/vehicules-circuits-garages\/robots-drones&quot;},{&quot;name&quot;:&quot;V\u00e9hicules transformables&quot;,&quot;code&quot;:&quot;R22F01SF05SS04&quot;,&quot;id&quot;:&quot;26577&quot;,&quot;type&quot;:&quot;RAYON&quot;,&quot;picto&quot;:null,&quot;level&quot;:4,&quot;sellerId&quot;:null,&quot;slug&quot;:&quot;vehicules-transformables&quot;,&quot;selected&quot;:false,&quot;children&quot;:null,&quot;layers&quot;:&quot;\/navigation\/26577\/layers&quot;,&quot;link&quot;:&quot;\/r\/jouets-sports-loisirs\/jeux-jouets\/vehicules-circuits-garages\/vehicules-transformables&quot;},{&quot;name&quot;:&quot;V\u00e9hicules miniatures&quot;,&quot;code&quot;:&quot;R22F01SF05SS05&quot;,&quot;id&quot;:&quot;26574&quot;,&quot;type&quot;:&quot;RAYON&quot;,&quot;picto&quot;:null,&quot;level&quot;:4,&quot;sellerId&quot;:null,&quot;slug&quot;:&quot;vehicules-miniatures&quot;,&quot;selected&quot;:false,&quot;children&quot;:null,&quot;layers&quot;:&quot;\/navigation\/26574\/layers&quot;,&quot;link&quot;:&quot;\/r\/jouets-sports-loisirs\/jeux-jouets\/vehicules-circuits-garages\/vehicules-miniatures&quot;},{&quot;name&quot;:&quot;V\u00e9hicules \u00e0 fonction&quot;,&quot;code&quot;:&quot;R22F01SF05SS06&quot;,&quot;id&quot;:&quot;26571&quot;,&quot;type&quot;:&quot;RAYON&quot;,&quot;picto&quot;:null,&quot;level&quot;:4,&quot;sellerId&quot;:null,&quot;slug&quot;:&quot;vehicules-a-fonction&quot;,&quot;selected&quot;:false,&quot;children&quot;:null,&quot;layers&quot;:&quot;\/navigation\/26571\/layers&quot;,&quot;link&quot;:&quot;\/r\/jouets-sports-loisirs\/jeux-jouets\/vehicules-circuits-garages\/vehicules-a-fonction&quot;},{&quot;name&quot;:&quot;V\u00e9hicules de chantier&quot;,&quot;code&quot;:&quot;R22F01SF05SS07&quot;,&quot;id&quot;:&quot;26578&quot;,&quot;type&quot;:&quot;RAYON&quot;,&quot;picto&quot;:null,&quot;level&quot;:4,&quot;sellerId&quot;:null,&quot;slug&quot;:&quot;vehicules-chantier&quot;,&quot;selected&quot;:false,&quot;children&quot;:null,&quot;layers&quot;:&quot;\/navigation\/26578\/layers&quot;,&quot;link&quot;:&quot;\/r\/jouets-sports-loisirs\/jeux-jouets\/vehicules-circuits-garages\/vehicules-chantier&quot;},{&quot;name&quot;:&quot;V\u00e9hicules de secours&quot;,&quot;code&quot;:&quot;R22F01SF05SS08&quot;,&quot;id&quot;:&quot;26579&quot;,&quot;type&quot;:&quot;RAYON&quot;,&quot;picto&quot;:null,&quot;level&quot;:4,&quot;sellerId&quot;:null,&quot;slug&quot;:&quot;vehicules-secours&quot;,&quot;selected&quot;:false,&quot;children&quot;:null,&quot;layers&quot;:&quot;\/navigation\/26579\/layers&quot;,&quot;link&quot;:&quot;\/r\/jouets-sports-loisirs\/jeux-jouets\/vehicules-circuits-garages\/vehicules-secours&quot;},{&quot;name&quot;:&quot;V\u00e9hicules de collection&quot;,&quot;code&quot;:&quot;R22F01SF05SS09&quot;,&quot;id&quot;:&quot;26573&quot;,&quot;type&quot;:&quot;RAYON&quot;,&quot;picto&quot;:null,&quot;level&quot;:4,&quot;sellerId&quot;:null,&quot;slug&quot;:&quot;vehicules-collection&quot;,&quot;selected&quot;:false,&quot;children&quot;:null,&quot;layers&quot;:&quot;\/navigation\/26573\/layers&quot;,&quot;link&quot;:&quot;\/r\/jouets-sports-loisirs\/jeux-jouets\/vehicules-circuits-garages\/vehicules-collection&quot;}],&quot;layers&quot;:&quot;\/navigation\/26297\/layers&quot;,&quot;link&quot;:&quot;\/r\/jouets-sports-loisirs\/jeux-jouets\/vehicules-circuits-garages&quot;},{&quot;name&quot;:&quot;Poup\u00e9es&quot;,&quot;code&quot;:&quot;R22F01SF06&quot;,&quot;id&quot;:&quot;26294&quot;,&quot;type&quot;:&quot;RAYON&quot;,&quot;picto&quot;:null,&quot;level&quot;:3,&quot;sellerId&quot;:null,&quot;slug&quot;:&quot;poupees&quot;,&quot;selected&quot;:false,&quot;children&quot;:[{&quot;name&quot;:&quot;Poup\u00e9es et poupons&quot;,&quot;code&quot;:&quot;R22F01SF06SS01&quot;,&quot;id&quot;:&quot;26562&quot;,&quot;type&quot;:&quot;RAYON&quot;,&quot;picto&quot;:null,&quot;level&quot;:4,&quot;sellerId&quot;:null,&quot;slug&quot;:&quot;poupees-poupons&quot;,&quot;selected&quot;:false,&quot;children&quot;:null,&quot;layers&quot;:&quot;\/navigation\/26562\/layers&quot;,&quot;link&quot;:&quot;\/r\/jouets-sports-loisirs\/jeux-jouets\/poupees\/poupees-poupons&quot;},{&quot;name&quot;:&quot;Poup\u00e9es mannequins &quot;,&quot;code&quot;:&quot;R22F01SF06SS02&quot;,&quot;id&quot;:&quot;26561&quot;,&quot;type&quot;:&quot;RAYON&quot;,&quot;picto&quot;:null,&quot;level&quot;:4,&quot;sellerId&quot;:null,&quot;slug&quot;:&quot;poupees-mannequins&quot;,&quot;selected&quot;:false,&quot;children&quot;:null,&quot;layers&quot;:&quot;\/navigation\/26561\/layers&quot;,&quot;link&quot;:&quot;\/r\/jouets-sports-loisirs\/jeux-jouets\/poupees\/poupees-mannequins&quot;},{&quot;name&quot;:&quot;Accessoires de poup\u00e9e et pu\u00e9riculture&quot;,&quot;code&quot;:&quot;R22F01SF06SS03&quot;,&quot;id&quot;:&quot;26563&quot;,&quot;type&quot;:&quot;RAYON&quot;,&quot;picto&quot;:null,&quot;level&quot;:4,&quot;sellerId&quot;:null,&quot;slug&quot;:&quot;accessoires-poupee-puericulture&quot;,&quot;selected&quot;:false,&quot;children&quot;:null,&quot;layers&quot;:&quot;\/navigation\/26563\/layers&quot;,&quot;link&quot;:&quot;\/r\/jouets-sports-loisirs\/jeux-jouets\/poupees\/accessoires-poupee-puericulture&quot;}],&quot;layers&quot;:&quot;\/navigation\/26294\/layers&quot;,&quot;link&quot;:&quot;\/r\/jouets-sports-loisirs\/jeux-jouets\/poupees&quot;},{&quot;name&quot;:&quot;Figurines&quot;,&quot;code&quot;:&quot;R22F01SF07&quot;,&quot;id&quot;:&quot;26295&quot;,&quot;type&quot;:&quot;RAYON&quot;,&quot;picto&quot;:null,&quot;level&quot;:3,&quot;sellerId&quot;:null,&quot;slug&quot;:&quot;figurines&quot;,&quot;selected&quot;:false,&quot;children&quot;:[{&quot;name&quot;:&quot;POP!&quot;,&quot;code&quot;:&quot;R22F01SF07SS01&quot;,&quot;id&quot;:&quot;26564&quot;,&quot;type&quot;:&quot;RAYON&quot;,&quot;picto&quot;:null,&quot;level&quot;:4,&quot;sellerId&quot;:null,&quot;slug&quot;:&quot;pop&quot;,&quot;selected&quot;:false,&quot;children&quot;:null,&quot;layers&quot;:&quot;\/navigation\/26564\/layers&quot;,&quot;link&quot;:&quot;\/r\/jouets-sports-loisirs\/jeux-jouets\/figurines\/pop&quot;},{&quot;name&quot;:&quot;Mini-univers&quot;,&quot;code&quot;:&quot;R22F01SF07SS02&quot;,&quot;id&quot;:&quot;26565&quot;,&quot;type&quot;:&quot;RAYON&quot;,&quot;picto&quot;:null,&quot;level&quot;:4,&quot;sellerId&quot;:null,&quot;slug&quot;:&quot;mini-univers&quot;,&quot;selected&quot;:false,&quot;children&quot;:null,&quot;layers&quot;:&quot;\/navigation\/26565\/layers&quot;,&quot;link&quot;:&quot;\/r\/jouets-sports-loisirs\/jeux-jouets\/figurines\/mini-univers&quot;},{&quot;name&quot;:&quot;Animaux&quot;,&quot;code&quot;:&quot;R22F01SF07SS03&quot;,&quot;id&quot;:&quot;26566&quot;,&quot;type&quot;:&quot;RAYON&quot;,&quot;picto&quot;:null,&quot;level&quot;:4,&quot;sellerId&quot;:null,&quot;slug&quot;:&quot;animaux&quot;,&quot;selected&quot;:false,&quot;children&quot;:null,&quot;layers&quot;:&quot;\/navigation\/26566\/layers&quot;,&quot;link&quot;:&quot;\/r\/jouets-sports-loisirs\/jeux-jouets\/figurines\/animaux&quot;},{&quot;name&quot;:&quot;Super-h\u00e9ros&quot;,&quot;code&quot;:&quot;R22F01SF07SS04&quot;,&quot;id&quot;:&quot;26567&quot;,&quot;type&quot;:&quot;RAYON&quot;,&quot;picto&quot;:null,&quot;level&quot;:4,&quot;sellerId&quot;:null,&quot;slug&quot;:&quot;super-heros&quot;,&quot;selected&quot;:false,&quot;children&quot;:null,&quot;layers&quot;:&quot;\/navigation\/26567\/layers&quot;,&quot;link&quot;:&quot;\/r\/jouets-sports-loisirs\/jeux-jouets\/figurines\/super-heros&quot;}],&quot;layers&quot;:&quot;\/navigation\/26295\/layers&quot;,&quot;link&quot;:&quot;\/r\/jouets-sports-loisirs\/jeux-jouets\/figurines&quot;},{&quot;name&quot;:&quot;Activit\u00e9s cr\u00e9atives et manuelles&quot;,&quot;code&quot;:&quot;R22F01SF08&quot;,&quot;id&quot;:&quot;26292&quot;,&quot;type&quot;:&quot;RAYON&quot;,&quot;picto&quot;:null,&quot;level&quot;:3,&quot;sellerId&quot;:null,&quot;slug&quot;:&quot;activites-creatives-manuelles&quot;,&quot;selected&quot;:false,&quot;children&quot;:[{&quot;name&quot;:&quot;P\u00e2te \u00e0 modeler&quot;,&quot;code&quot;:&quot;R22F01SF08SS01&quot;,&quot;id&quot;:&quot;26548&quot;,&quot;type&quot;:&quot;RAYON&quot;,&quot;picto&quot;:null,&quot;level&quot;:4,&quot;sellerId&quot;:null,&quot;slug&quot;:&quot;pate-a-modeler&quot;,&quot;selected&quot;:false,&quot;children&quot;:null,&quot;layers&quot;:&quot;\/navigation\/26548\/layers&quot;,&quot;link&quot;:&quot;\/r\/jouets-sports-loisirs\/jeux-jouets\/activites-creatives-manuelles\/pate-a-modeler&quot;},{&quot;name&quot;:&quot;Slime&quot;,&quot;code&quot;:&quot;R22F01SF08SS02&quot;,&quot;id&quot;:&quot;26549&quot;,&quot;type&quot;:&quot;RAYON&quot;,&quot;picto&quot;:null,&quot;level&quot;:4,&quot;sellerId&quot;:null,&quot;slug&quot;:&quot;slime&quot;,&quot;selected&quot;:false,&quot;children&quot;:null,&quot;layers&quot;:&quot;\/navigation\/26549\/layers&quot;,&quot;link&quot;:&quot;\/r\/jouets-sports-loisirs\/jeux-jouets\/activites-creatives-manuelles\/slime&quot;},{&quot;name&quot;:&quot;Dessin et Peinture&quot;,&quot;code&quot;:&quot;R22F01SF08SS03&quot;,&quot;id&quot;:&quot;26550&quot;,&quot;type&quot;:&quot;RAYON&quot;,&quot;picto&quot;:null,&quot;level&quot;:4,&quot;sellerId&quot;:null,&quot;slug&quot;:&quot;dessin-peinture&quot;,&quot;selected&quot;:false,&quot;children&quot;:null,&quot;layers&quot;:&quot;\/navigation\/26550\/layers&quot;,&quot;link&quot;:&quot;\/r\/jouets-sports-loisirs\/jeux-jouets\/activites-creatives-manuelles\/dessin-peinture&quot;},{&quot;name&quot;:&quot;Loisirs cr\u00e9atifs&quot;,&quot;code&quot;:&quot;R22F01SF08SS04&quot;,&quot;id&quot;:&quot;26552&quot;,&quot;type&quot;:&quot;RAYON&quot;,&quot;picto&quot;:null,&quot;level&quot;:4,&quot;sellerId&quot;:null,&quot;slug&quot;:&quot;loisirs-creatifs&quot;,&quot;selected&quot;:false,&quot;children&quot;:null,&quot;layers&quot;:&quot;\/navigation\/26552\/layers&quot;,&quot;link&quot;:&quot;\/r\/jouets-sports-loisirs\/jeux-jouets\/activites-creatives-manuelles\/loisirs-creatifs&quot;},{&quot;name&quot;:&quot;Perles et Mosa\u00efques&quot;,&quot;code&quot;:&quot;R22F01SF08SS05&quot;,&quot;id&quot;:&quot;26884&quot;,&quot;type&quot;:&quot;RAYON&quot;,&quot;picto&quot;:null,&quot;level&quot;:4,&quot;sellerId&quot;:null,&quot;slug&quot;:&quot;perles-mosaiques&quot;,&quot;selected&quot;:false,&quot;children&quot;:null,&quot;layers&quot;:&quot;\/navigation\/26884\/layers&quot;,&quot;link&quot;:&quot;\/r\/jouets-sports-loisirs\/jeux-jouets\/activites-creatives-manuelles\/perles-mosaiques&quot;},{&quot;name&quot;:&quot;Ardoises magiques&quot;,&quot;code&quot;:&quot;R22F01SF08SS06&quot;,&quot;id&quot;:&quot;26551&quot;,&quot;type&quot;:&quot;RAYON&quot;,&quot;picto&quot;:null,&quot;level&quot;:4,&quot;sellerId&quot;:null,&quot;slug&quot;:&quot;ardoises-magiques&quot;,&quot;selected&quot;:false,&quot;children&quot;:null,&quot;layers&quot;:&quot;\/navigation\/26551\/layers&quot;,&quot;link&quot;:&quot;\/r\/jouets-sports-loisirs\/jeux-jouets\/activites-creatives-manuelles\/ardoises-magiques&quot;}],&quot;layers&quot;:&quot;\/navigation\/26292\/layers&quot;,&quot;link&quot;:&quot;\/r\/jouets-sports-loisirs\/jeux-jouets\/activites-creatives-manuelles&quot;},{&quot;name&quot;:&quot;Jeux de soci\u00e9t\u00e9 et Puzzles&quot;,&quot;code&quot;:&quot;R22F01SF09&quot;,&quot;id&quot;:&quot;26293&quot;,&quot;type&quot;:&quot;RAYON&quot;,&quot;picto&quot;:null,&quot;level&quot;:3,&quot;sellerId&quot;:null,&quot;slug&quot;:&quot;jeux-societe-puzzle&quot;,&quot;selected&quot;:false,&quot;children&quot;:[{&quot;name&quot;:&quot;Jeux en famille&quot;,&quot;code&quot;:&quot;R22F01SF09SS01&quot;,&quot;id&quot;:&quot;26553&quot;,&quot;type&quot;:&quot;RAYON&quot;,&quot;picto&quot;:null,&quot;level&quot;:4,&quot;sellerId&quot;:null,&quot;slug&quot;:&quot;jeux-en-famille&quot;,&quot;selected&quot;:false,&quot;children&quot;:null,&quot;layers&quot;:&quot;\/navigation\/26553\/layers&quot;,&quot;link&quot;:&quot;\/r\/jouets-sports-loisirs\/jeux-jouets\/jeux-societe-puzzle\/jeux-en-famille&quot;},{&quot;name&quot;:&quot;Jeux classiques&quot;,&quot;code&quot;:&quot;R22F01SF09SS02&quot;,&quot;id&quot;:&quot;26557&quot;,&quot;type&quot;:&quot;RAYON&quot;,&quot;picto&quot;:null,&quot;level&quot;:4,&quot;sellerId&quot;:null,&quot;slug&quot;:&quot;jeux-classiques&quot;,&quot;selected&quot;:false,&quot;children&quot;:null,&quot;layers&quot;:&quot;\/navigation\/26557\/layers&quot;,&quot;link&quot;:&quot;\/r\/jouets-sports-loisirs\/jeux-jouets\/jeux-societe-puzzle\/jeux-classiques&quot;},{&quot;name&quot;:&quot;Jeux d&#039;ambiance&quot;,&quot;code&quot;:&quot;R22F01SF09SS03&quot;,&quot;id&quot;:&quot;26554&quot;,&quot;type&quot;:&quot;RAYON&quot;,&quot;picto&quot;:null,&quot;level&quot;:4,&quot;sellerId&quot;:null,&quot;slug&quot;:&quot;jeux-ambiance&quot;,&quot;selected&quot;:false,&quot;children&quot;:null,&quot;layers&quot;:&quot;\/navigation\/26554\/layers&quot;,&quot;link&quot;:&quot;\/r\/jouets-sports-loisirs\/jeux-jouets\/jeux-societe-puzzle\/jeux-ambiance&quot;},{&quot;name&quot;:&quot;Jeux d&#039;action&quot;,&quot;code&quot;:&quot;R22F01SF09SS04&quot;,&quot;id&quot;:&quot;26556&quot;,&quot;type&quot;:&quot;RAYON&quot;,&quot;picto&quot;:null,&quot;level&quot;:4,&quot;sellerId&quot;:null,&quot;slug&quot;:&quot;jeux-action&quot;,&quot;selected&quot;:false,&quot;children&quot;:null,&quot;layers&quot;:&quot;\/navigation\/26556\/layers&quot;,&quot;link&quot;:&quot;\/r\/jouets-sports-loisirs\/jeux-jouets\/jeux-societe-puzzle\/jeux-action&quot;},{&quot;name&quot;:&quot;Jeux enfants&quot;,&quot;code&quot;:&quot;R22F01SF09SS05&quot;,&quot;id&quot;:&quot;26558&quot;,&quot;type&quot;:&quot;RAYON&quot;,&quot;picto&quot;:null,&quot;level&quot;:4,&quot;sellerId&quot;:null,&quot;slug&quot;:&quot;jeux-enfants&quot;,&quot;selected&quot;:false,&quot;children&quot;:null,&quot;layers&quot;:&quot;\/navigation\/26558\/layers&quot;,&quot;link&quot;:&quot;\/r\/jouets-sports-loisirs\/jeux-jouets\/jeux-societe-puzzle\/jeux-enfants&quot;},{&quot;name&quot;:&quot;Jeux \u00e9lectroniques&quot;,&quot;code&quot;:&quot;R22F01SF09SS06&quot;,&quot;id&quot;:&quot;26559&quot;,&quot;type&quot;:&quot;RAYON&quot;,&quot;picto&quot;:null,&quot;level&quot;:4,&quot;sellerId&quot;:null,&quot;slug&quot;:&quot;jeux-electroniques&quot;,&quot;selected&quot;:false,&quot;children&quot;:null,&quot;layers&quot;:&quot;\/navigation\/26559\/layers&quot;,&quot;link&quot;:&quot;\/r\/jouets-sports-loisirs\/jeux-jouets\/jeux-societe-puzzle\/jeux-electroniques&quot;},{&quot;name&quot;:&quot;Malette jeux et magie&quot;,&quot;code&quot;:&quot;R22F01SF09SS07&quot;,&quot;id&quot;:&quot;26555&quot;,&quot;type&quot;:&quot;RAYON&quot;,&quot;picto&quot;:null,&quot;level&quot;:4,&quot;sellerId&quot;:null,&quot;slug&quot;:&quot;malette-jeux-magie&quot;,&quot;selected&quot;:false,&quot;children&quot;:null,&quot;layers&quot;:&quot;\/navigation\/26555\/layers&quot;,&quot;link&quot;:&quot;\/r\/jouets-sports-loisirs\/jeux-jouets\/jeux-societe-puzzle\/malette-jeux-magie&quot;},{&quot;name&quot;:&quot;Puzzles&quot;,&quot;code&quot;:&quot;R22F01SF09SS08&quot;,&quot;id&quot;:&quot;26560&quot;,&quot;type&quot;:&quot;RAYON&quot;,&quot;picto&quot;:null,&quot;level&quot;:4,&quot;sellerId&quot;:null,&quot;slug&quot;:&quot;puzzles&quot;,&quot;selected&quot;:false,&quot;children&quot;:null,&quot;layers&quot;:&quot;\/navigation\/26560\/layers&quot;,&quot;link&quot;:&quot;\/r\/jouets-sports-loisirs\/jeux-jouets\/jeux-societe-puzzle\/puzzles&quot;}],&quot;layers&quot;:&quot;\/navigation\/26293\/layers&quot;,&quot;link&quot;:&quot;\/r\/jouets-sports-loisirs\/jeux-jouets\/jeux-societe-puzzle&quot;},{&quot;name&quot;:&quot;Jeux de caf\u00e9, Ext\u00e9rieur et Sports&quot;,&quot;code&quot;:&quot;R22F01SF10&quot;,&quot;id&quot;:&quot;26296&quot;,&quot;type&quot;:&quot;RAYON&quot;,&quot;picto&quot;:null,&quot;level&quot;:3,&quot;sellerId&quot;:null,&quot;slug&quot;:&quot;jeux-cafe-exterieur-sports&quot;,&quot;selected&quot;:false,&quot;children&quot;:[{&quot;name&quot;:&quot;Jeux de tirs, d&#039;adresse et Accessoires&quot;,&quot;code&quot;:&quot;R22F01SF10SS01&quot;,&quot;id&quot;:&quot;26568&quot;,&quot;type&quot;:&quot;RAYON&quot;,&quot;picto&quot;:null,&quot;level&quot;:4,&quot;sellerId&quot;:null,&quot;slug&quot;:&quot;jeux-de-tirs-adresse-accessoires&quot;,&quot;selected&quot;:false,&quot;children&quot;:null,&quot;layers&quot;:&quot;\/navigation\/26568\/layers&quot;,&quot;link&quot;:&quot;\/r\/jouets-sports-loisirs\/jeux-jouets\/jeux-cafe-exterieur-sports\/jeux-de-tirs-adresse-accessoires&quot;},{&quot;name&quot;:&quot;Flippers, Baby-foot et Billiards&quot;,&quot;code&quot;:&quot;R22F01SF10SS02&quot;,&quot;id&quot;:&quot;26569&quot;,&quot;type&quot;:&quot;RAYON&quot;,&quot;picto&quot;:null,&quot;level&quot;:4,&quot;sellerId&quot;:null,&quot;slug&quot;:&quot;flippers-baby-foot-billiards&quot;,&quot;selected&quot;:false,&quot;children&quot;:null,&quot;layers&quot;:&quot;\/navigation\/26569\/layers&quot;,&quot;link&quot;:&quot;\/r\/jouets-sports-loisirs\/jeux-jouets\/jeux-cafe-exterieur-sports\/flippers-baby-foot-billiards&quot;},{&quot;name&quot;:&quot;Talkie walkie&quot;,&quot;code&quot;:&quot;R22F01SF10SS03&quot;,&quot;id&quot;:&quot;26570&quot;,&quot;type&quot;:&quot;RAYON&quot;,&quot;picto&quot;:null,&quot;level&quot;:4,&quot;sellerId&quot;:null,&quot;slug&quot;:&quot;talkie-walkie&quot;,&quot;selected&quot;:false,&quot;children&quot;:null,&quot;layers&quot;:&quot;\/navigation\/26570\/layers&quot;,&quot;link&quot;:&quot;\/r\/jouets-sports-loisirs\/jeux-jouets\/jeux-cafe-exterieur-sports\/talkie-walkie&quot;}],&quot;layers&quot;:&quot;\/navigation\/26296\/layers&quot;,&quot;link&quot;:&quot;\/r\/jouets-sports-loisirs\/jeux-jouets\/jeux-cafe-exterieur-sports&quot;}],&quot;layers&quot;:&quot;\/navigation\/26068\/layers&quot;,&quot;link&quot;:&quot;\/r\/jouets-sports-loisirs\/jeux-jouets&quot;},{&quot;name&quot;:&quot;Sports&quot;,&quot;code&quot;:&quot;R22F02&quot;,&quot;id&quot;:&quot;26069&quot;,&quot;type&quot;:&quot;RAYON&quot;,&quot;picto&quot;:null,&quot;level&quot;:2,&quot;sellerId&quot;:null,&quot;slug&quot;:&quot;sports&quot;,&quot;selected&quot;:false,&quot;children&quot;:[{&quot;name&quot;:&quot;V\u00e9los&quot;,&quot;code&quot;:&quot;R22F02SF01&quot;,&quot;id&quot;:&quot;26298&quot;,&quot;type&quot;:&quot;RAYON&quot;,&quot;picto&quot;:null,&quot;level&quot;:3,&quot;sellerId&quot;:null,&quot;slug&quot;:&quot;velos&quot;,&quot;selected&quot;:false,&quot;children&quot;:[{&quot;name&quot;:&quot;V\u00e9los \u00e9lectriques&quot;,&quot;code&quot;:&quot;R22F02SF01SS02&quot;,&quot;id&quot;:&quot;26582&quot;,&quot;type&quot;:&quot;RAYON&quot;,&quot;picto&quot;:null,&quot;level&quot;:4,&quot;sellerId&quot;:null,&quot;slug&quot;:&quot;velos-electriques&quot;,&quot;selected&quot;:false,&quot;children&quot;:null,&quot;layers&quot;:&quot;\/navigation\/26582\/layers&quot;,&quot;link&quot;:&quot;\/r\/jouets-sports-loisirs\/sports\/velos\/velos-electriques&quot;},{&quot;name&quot;:&quot;V\u00e9los enfant&quot;,&quot;code&quot;:&quot;R22F02SF01SS03&quot;,&quot;id&quot;:&quot;26583&quot;,&quot;type&quot;:&quot;RAYON&quot;,&quot;picto&quot;:null,&quot;level&quot;:4,&quot;sellerId&quot;:null,&quot;slug&quot;:&quot;velos-enfant&quot;,&quot;selected&quot;:false,&quot;children&quot;:null,&quot;layers&quot;:&quot;\/navigation\/26583\/layers&quot;,&quot;link&quot;:&quot;\/r\/jouets-sports-loisirs\/sports\/velos\/velos-enfant&quot;},{&quot;name&quot;:&quot;Accessoires de v\u00e9lo&quot;,&quot;code&quot;:&quot;R22F02SF01SS05&quot;,&quot;id&quot;:&quot;26585&quot;,&quot;type&quot;:&quot;RAYON&quot;,&quot;picto&quot;:null,&quot;level&quot;:4,&quot;sellerId&quot;:null,&quot;slug&quot;:&quot;accessoires-velo&quot;,&quot;selected&quot;:false,&quot;children&quot;:null,&quot;layers&quot;:&quot;\/navigation\/26585\/layers&quot;,&quot;link&quot;:&quot;\/r\/jouets-sports-loisirs\/sports\/velos\/accessoires-velo&quot;}],&quot;layers&quot;:&quot;\/navigation\/26298\/layers&quot;,&quot;link&quot;:&quot;\/r\/jouets-sports-loisirs\/sports\/velos&quot;},{&quot;name&quot;:&quot;Trottinettes et Glisse urbaine&quot;,&quot;code&quot;:&quot;R22F02SF02&quot;,&quot;id&quot;:&quot;26299&quot;,&quot;type&quot;:&quot;RAYON&quot;,&quot;picto&quot;:null,&quot;level&quot;:3,&quot;sellerId&quot;:null,&quot;slug&quot;:&quot;trottinettes-glisse-urbaine&quot;,&quot;selected&quot;:false,&quot;children&quot;:[{&quot;name&quot;:&quot;Trottinettes \u00e9lectriques&quot;,&quot;code&quot;:&quot;R22F02SF02SS01&quot;,&quot;id&quot;:&quot;26586&quot;,&quot;type&quot;:&quot;RAYON&quot;,&quot;picto&quot;:null,&quot;level&quot;:4,&quot;sellerId&quot;:null,&quot;slug&quot;:&quot;trottinettes-electriques&quot;,&quot;selected&quot;:false,&quot;children&quot;:null,&quot;layers&quot;:&quot;\/navigation\/26586\/layers&quot;,&quot;link&quot;:&quot;\/r\/jouets-sports-loisirs\/sports\/trottinettes-glisse-urbaine\/trottinettes-electriques&quot;},{&quot;name&quot;:&quot;Trottinettes&quot;,&quot;code&quot;:&quot;R22F02SF02SS02&quot;,&quot;id&quot;:&quot;26587&quot;,&quot;type&quot;:&quot;RAYON&quot;,&quot;picto&quot;:null,&quot;level&quot;:4,&quot;sellerId&quot;:null,&quot;slug&quot;:&quot;trottinettes&quot;,&quot;selected&quot;:false,&quot;children&quot;:null,&quot;layers&quot;:&quot;\/navigation\/26587\/layers&quot;,&quot;link&quot;:&quot;\/r\/jouets-sports-loisirs\/sports\/trottinettes-glisse-urbaine\/trottinettes&quot;}],&quot;layers&quot;:&quot;\/navigation\/26299\/layers&quot;,&quot;link&quot;:&quot;\/r\/jouets-sports-loisirs\/sports\/trottinettes-glisse-urbaine&quot;},{&quot;name&quot;:&quot;Randonn\u00e9e et Camping&quot;,&quot;code&quot;:&quot;R22F02SF03&quot;,&quot;id&quot;:&quot;26300&quot;,&quot;type&quot;:&quot;RAYON&quot;,&quot;picto&quot;:null,&quot;level&quot;:3,&quot;sellerId&quot;:null,&quot;slug&quot;:&quot;randonnee-camping&quot;,&quot;selected&quot;:false,&quot;children&quot;:[{&quot;name&quot;:&quot;Tables et Chaises pliantes&quot;,&quot;code&quot;:&quot;R22F02SF03SS01&quot;,&quot;id&quot;:&quot;26591&quot;,&quot;type&quot;:&quot;RAYON&quot;,&quot;picto&quot;:null,&quot;level&quot;:4,&quot;sellerId&quot;:null,&quot;slug&quot;:&quot;tables-chaises-pliantes&quot;,&quot;selected&quot;:false,&quot;children&quot;:null,&quot;layers&quot;:&quot;\/navigation\/26591\/layers&quot;,&quot;link&quot;:&quot;\/r\/jouets-sports-loisirs\/sports\/randonnee-camping\/tables-chaises-pliantes&quot;},{&quot;name&quot;:&quot;Accessoires de camping car&quot;,&quot;code&quot;:&quot;R22F02SF03SS04&quot;,&quot;id&quot;:&quot;26594&quot;,&quot;type&quot;:&quot;RAYON&quot;,&quot;picto&quot;:null,&quot;level&quot;:4,&quot;sellerId&quot;:null,&quot;slug&quot;:&quot;accessoires-camping-car&quot;,&quot;selected&quot;:false,&quot;children&quot;:null,&quot;layers&quot;:&quot;\/navigation\/26594\/layers&quot;,&quot;link&quot;:&quot;\/r\/jouets-sports-loisirs\/sports\/randonnee-camping\/accessoires-camping-car&quot;},{&quot;name&quot;:&quot;Glaci\u00e8res et Glaci\u00e8res \u00e9lectriques&quot;,&quot;code&quot;:&quot;R22F02SF03SS05&quot;,&quot;id&quot;:&quot;26864&quot;,&quot;type&quot;:&quot;RAYON&quot;,&quot;picto&quot;:null,&quot;level&quot;:4,&quot;sellerId&quot;:null,&quot;slug&quot;:&quot;glacieres&quot;,&quot;selected&quot;:false,&quot;children&quot;:null,&quot;layers&quot;:&quot;\/navigation\/26864\/layers&quot;,&quot;link&quot;:&quot;\/r\/jouets-sports-loisirs\/sports\/randonnee-camping\/glacieres&quot;}],&quot;layers&quot;:&quot;\/navigation\/26300\/layers&quot;,&quot;link&quot;:&quot;\/r\/jouets-sports-loisirs\/sports\/randonnee-camping&quot;},{&quot;name&quot;:&quot;Running&quot;,&quot;code&quot;:&quot;R22F02SF04&quot;,&quot;id&quot;:&quot;26301&quot;,&quot;type&quot;:&quot;RAYON&quot;,&quot;picto&quot;:null,&quot;level&quot;:3,&quot;sellerId&quot;:null,&quot;slug&quot;:&quot;running&quot;,&quot;selected&quot;:false,&quot;children&quot;:[{&quot;name&quot;:&quot;Montres connect\u00e9es&quot;,&quot;code&quot;:&quot;R22F02SF04SS01&quot;,&quot;id&quot;:&quot;26595&quot;,&quot;type&quot;:&quot;RAYON&quot;,&quot;picto&quot;:null,&quot;level&quot;:4,&quot;sellerId&quot;:null,&quot;slug&quot;:&quot;montres-connectes&quot;,&quot;selected&quot;:false,&quot;children&quot;:null,&quot;layers&quot;:&quot;\/navigation\/26595\/layers&quot;,&quot;link&quot;:&quot;\/r\/jouets-sports-loisirs\/sports\/running\/montres-connectes&quot;}],&quot;layers&quot;:&quot;\/navigation\/26301\/layers&quot;,&quot;link&quot;:&quot;\/r\/jouets-sports-loisirs\/sports\/running&quot;},{&quot;name&quot;:&quot;Fitness et Musculation&quot;,&quot;code&quot;:&quot;R22F02SF05&quot;,&quot;id&quot;:&quot;26302&quot;,&quot;type&quot;:&quot;RAYON&quot;,&quot;picto&quot;:null,&quot;level&quot;:3,&quot;sellerId&quot;:null,&quot;slug&quot;:&quot;fitness-musculation&quot;,&quot;selected&quot;:false,&quot;children&quot;:[{&quot;name&quot;:&quot;Accessoires de fitness&quot;,&quot;code&quot;:&quot;R22F02SF05SS07&quot;,&quot;id&quot;:&quot;26605&quot;,&quot;type&quot;:&quot;RAYON&quot;,&quot;picto&quot;:null,&quot;level&quot;:4,&quot;sellerId&quot;:null,&quot;slug&quot;:&quot;accessoires-fitness&quot;,&quot;selected&quot;:false,&quot;children&quot;:null,&quot;layers&quot;:&quot;\/navigation\/26605\/layers&quot;,&quot;link&quot;:&quot;\/r\/jouets-sports-loisirs\/sports\/fitness-musculation\/accessoires-fitness&quot;}],&quot;layers&quot;:&quot;\/navigation\/26302\/layers&quot;,&quot;link&quot;:&quot;\/r\/jouets-sports-loisirs\/sports\/fitness-musculation&quot;},{&quot;name&quot;:&quot;Football&quot;,&quot;code&quot;:&quot;R22F02SF06&quot;,&quot;id&quot;:&quot;26303&quot;,&quot;type&quot;:&quot;RAYON&quot;,&quot;picto&quot;:null,&quot;level&quot;:3,&quot;sellerId&quot;:null,&quot;slug&quot;:&quot;football&quot;,&quot;selected&quot;:false,&quot;children&quot;:[{&quot;name&quot;:&quot;Ballons et Plots&quot;,&quot;code&quot;:&quot;R22F02SF06SS03&quot;,&quot;id&quot;:&quot;26608&quot;,&quot;type&quot;:&quot;RAYON&quot;,&quot;picto&quot;:null,&quot;level&quot;:4,&quot;sellerId&quot;:null,&quot;slug&quot;:&quot;ballons-plots&quot;,&quot;selected&quot;:false,&quot;children&quot;:null,&quot;layers&quot;:&quot;\/navigation\/26608\/layers&quot;,&quot;link&quot;:&quot;\/r\/jouets-sports-loisirs\/sports\/football\/ballons-plots&quot;}],&quot;layers&quot;:&quot;\/navigation\/26303\/layers&quot;,&quot;link&quot;:&quot;\/r\/jouets-sports-loisirs\/sports\/football&quot;},{&quot;name&quot;:&quot;Sports collectifs&quot;,&quot;code&quot;:&quot;R22F02SF07&quot;,&quot;id&quot;:&quot;26304&quot;,&quot;type&quot;:&quot;RAYON&quot;,&quot;picto&quot;:null,&quot;level&quot;:3,&quot;sellerId&quot;:null,&quot;slug&quot;:&quot;sports-collectifs&quot;,&quot;selected&quot;:false,&quot;children&quot;:[{&quot;name&quot;:&quot;Rugby&quot;,&quot;code&quot;:&quot;R22F02SF07SS02&quot;,&quot;id&quot;:&quot;26612&quot;,&quot;type&quot;:&quot;RAYON&quot;,&quot;picto&quot;:null,&quot;level&quot;:4,&quot;sellerId&quot;:null,&quot;slug&quot;:&quot;rugby&quot;,&quot;selected&quot;:false,&quot;children&quot;:null,&quot;layers&quot;:&quot;\/navigation\/26612\/layers&quot;,&quot;link&quot;:&quot;\/r\/jouets-sports-loisirs\/sports\/sports-collectifs\/rugby&quot;}],&quot;layers&quot;:&quot;\/navigation\/26304\/layers&quot;,&quot;link&quot;:&quot;\/r\/jouets-sports-loisirs\/sports\/sports-collectifs&quot;}],&quot;layers&quot;:&quot;\/navigation\/26069\/layers&quot;,&quot;link&quot;:&quot;\/r\/jouets-sports-loisirs\/sports&quot;},{&quot;name&quot;:&quot;Jeux d&#039;ext\u00e9rieur&quot;,&quot;code&quot;:&quot;R22F03&quot;,&quot;id&quot;:&quot;26070&quot;,&quot;type&quot;:&quot;RAYON&quot;,&quot;picto&quot;:null,&quot;level&quot;:2,&quot;sellerId&quot;:null,&quot;slug&quot;:&quot;jeux-exterieur&quot;,&quot;selected&quot;:false,&quot;children&quot;:[{&quot;name&quot;:&quot;Aires de jeux et Portiques&quot;,&quot;code&quot;:&quot;R22F03SF02&quot;,&quot;id&quot;:&quot;26308&quot;,&quot;type&quot;:&quot;RAYON&quot;,&quot;picto&quot;:null,&quot;level&quot;:3,&quot;sellerId&quot;:null,&quot;slug&quot;:&quot;aires-jeux-portiques&quot;,&quot;selected&quot;:false,&quot;children&quot;:null,&quot;layers&quot;:&quot;\/navigation\/26308\/layers&quot;,&quot;link&quot;:&quot;\/r\/jouets-sports-loisirs\/jeux-exterieur\/aires-jeux-portiques&quot;},{&quot;name&quot;:&quot;Jeux de piscine&quot;,&quot;code&quot;:&quot;R22F03SF03&quot;,&quot;id&quot;:&quot;26309&quot;,&quot;type&quot;:&quot;RAYON&quot;,&quot;picto&quot;:null,&quot;level&quot;:3,&quot;sellerId&quot;:null,&quot;slug&quot;:&quot;jeux-piscine&quot;,&quot;selected&quot;:false,&quot;children&quot;:null,&quot;layers&quot;:&quot;\/navigation\/26309\/layers&quot;,&quot;link&quot;:&quot;\/r\/jouets-sports-loisirs\/jeux-exterieur\/jeux-piscine&quot;},{&quot;name&quot;:&quot;V\u00e9hicules \u00e9lectriques&quot;,&quot;code&quot;:&quot;R22F03SF05&quot;,&quot;id&quot;:&quot;26311&quot;,&quot;type&quot;:&quot;RAYON&quot;,&quot;picto&quot;:null,&quot;level&quot;:3,&quot;sellerId&quot;:null,&quot;slug&quot;:&quot;vehicules-electriques&quot;,&quot;selected&quot;:false,&quot;children&quot;:null,&quot;layers&quot;:&quot;\/navigation\/26311\/layers&quot;,&quot;link&quot;:&quot;\/r\/jouets-sports-loisirs\/jeux-exterieur\/vehicules-electriques&quot;},{&quot;name&quot;:&quot;Bacs \u00e0 sable&quot;,&quot;code&quot;:&quot;R22F03SF07&quot;,&quot;id&quot;:&quot;26313&quot;,&quot;type&quot;:&quot;RAYON&quot;,&quot;picto&quot;:null,&quot;level&quot;:3,&quot;sellerId&quot;:null,&quot;slug&quot;:&quot;bacs-a-sable&quot;,&quot;selected&quot;:false,&quot;children&quot;:null,&quot;layers&quot;:&quot;\/navigation\/26313\/layers&quot;,&quot;link&quot;:&quot;\/r\/jouets-sports-loisirs\/jeux-exterieur\/bacs-a-sable&quot;}],&quot;layers&quot;:&quot;\/navigation\/26070\/layers&quot;,&quot;link&quot;:&quot;\/r\/jouets-sports-loisirs\/jeux-exterieur&quot;}],&quot;layers&quot;:&quot;\/navigation\/26590\/layers&quot;,&quot;link&quot;:&quot;\/r\/jouets-sports-loisirs&quot;},{&quot;name&quot;:&quot;Jardin, Bricolage et Auto&quot;,&quot;code&quot;:&quot;R23&quot;,&quot;id&quot;:&quot;26023&quot;,&quot;type&quot;:&quot;RAYON&quot;,&quot;picto&quot;:&quot;https:\/\/media.carrefour.fr\/medias\/1d7ac65e06c63dca911cf04635efa414\/p_96x96\/26023.jpg&quot;,&quot;level&quot;:1,&quot;sellerId&quot;:null,&quot;slug&quot;:&quot;jardin-bricolage-auto&quot;,&quot;selected&quot;:false,&quot;children&quot;:[{&quot;name&quot;:&quot;Bricolage&quot;,&quot;code&quot;:&quot;R23F01&quot;,&quot;id&quot;:&quot;26138&quot;,&quot;type&quot;:&quot;RAYON&quot;,&quot;picto&quot;:null,&quot;level&quot;:2,&quot;sellerId&quot;:null,&quot;slug&quot;:&quot;bricolage&quot;,&quot;selected&quot;:false,&quot;children&quot;:[{&quot;name&quot;:&quot;Nettoyants, Peintures et Colles&quot;,&quot;code&quot;:&quot;R23F01SF01&quot;,&quot;id&quot;:&quot;26356&quot;,&quot;type&quot;:&quot;RAYON&quot;,&quot;picto&quot;:null,&quot;level&quot;:3,&quot;sellerId&quot;:null,&quot;slug&quot;:&quot;peintures-colles-revetements&quot;,&quot;selected&quot;:false,&quot;children&quot;:[{&quot;name&quot;:&quot;Peintures&quot;,&quot;code&quot;:&quot;R23F01SF01SS01&quot;,&quot;id&quot;:&quot;26668&quot;,&quot;type&quot;:&quot;RAYON&quot;,&quot;picto&quot;:null,&quot;level&quot;:4,&quot;sellerId&quot;:null,&quot;slug&quot;:&quot;peintures&quot;,&quot;selected&quot;:false,&quot;children&quot;:null,&quot;layers&quot;:&quot;\/navigation\/26668\/layers&quot;,&quot;link&quot;:&quot;\/r\/jardin-bricolage-auto\/bricolage\/peintures-colles-revetements\/peintures&quot;},{&quot;name&quot;:&quot;Accessoires de peinture&quot;,&quot;code&quot;:&quot;R23F01SF01SS02&quot;,&quot;id&quot;:&quot;26669&quot;,&quot;type&quot;:&quot;RAYON&quot;,&quot;picto&quot;:null,&quot;level&quot;:4,&quot;sellerId&quot;:null,&quot;slug&quot;:&quot;accessoires-de-peinture&quot;,&quot;selected&quot;:false,&quot;children&quot;:null,&quot;layers&quot;:&quot;\/navigation\/26669\/layers&quot;,&quot;link&quot;:&quot;\/r\/jardin-bricolage-auto\/bricolage\/peintures-colles-revetements\/accessoires-de-peinture&quot;},{&quot;name&quot;:&quot;Nettoyants et Combustibles&quot;,&quot;code&quot;:&quot;R23F01SF01SS03&quot;,&quot;id&quot;:&quot;26670&quot;,&quot;type&quot;:&quot;RAYON&quot;,&quot;picto&quot;:null,&quot;level&quot;:4,&quot;sellerId&quot;:null,&quot;slug&quot;:&quot;nettoyage-decapage&quot;,&quot;selected&quot;:false,&quot;children&quot;:null,&quot;layers&quot;:&quot;\/navigation\/26670\/layers&quot;,&quot;link&quot;:&quot;\/r\/jardin-bricolage-auto\/bricolage\/peintures-colles-revetements\/nettoyage-decapage&quot;},{&quot;name&quot;:&quot;Enduits et Mastics&quot;,&quot;code&quot;:&quot;R23F01SF01SS04&quot;,&quot;id&quot;:&quot;26671&quot;,&quot;type&quot;:&quot;RAYON&quot;,&quot;picto&quot;:null,&quot;level&quot;:4,&quot;sellerId&quot;:null,&quot;slug&quot;:&quot;enduits-mastics&quot;,&quot;selected&quot;:false,&quot;children&quot;:null,&quot;layers&quot;:&quot;\/navigation\/26671\/layers&quot;,&quot;link&quot;:&quot;\/r\/jardin-bricolage-auto\/bricolage\/peintures-colles-revetements\/enduits-mastics&quot;},{&quot;name&quot;:&quot;Colles et Adh\u00e9sifs&quot;,&quot;code&quot;:&quot;R23F01SF01SS06&quot;,&quot;id&quot;:&quot;26673&quot;,&quot;type&quot;:&quot;RAYON&quot;,&quot;picto&quot;:null,&quot;level&quot;:4,&quot;sellerId&quot;:null,&quot;slug&quot;:&quot;colles-adhesifs&quot;,&quot;selected&quot;:false,&quot;children&quot;:null,&quot;layers&quot;:&quot;\/navigation\/26673\/layers&quot;,&quot;link&quot;:&quot;\/r\/jardin-bricolage-auto\/bricolage\/peintures-colles-revetements\/colles-adhesifs&quot;},{&quot;name&quot;:&quot;Isolation&quot;,&quot;code&quot;:&quot;R23F01SF01SS08&quot;,&quot;id&quot;:&quot;28814&quot;,&quot;type&quot;:&quot;RAYON&quot;,&quot;picto&quot;:null,&quot;level&quot;:4,&quot;sellerId&quot;:null,&quot;slug&quot;:&quot;isolation&quot;,&quot;selected&quot;:false,&quot;children&quot;:null,&quot;layers&quot;:&quot;\/navigation\/28814\/layers&quot;,&quot;link&quot;:&quot;\/r\/jardin-bricolage-auto\/bricolage\/peintures-colles-revetements\/isolation&quot;},{&quot;name&quot;:&quot;Absorbeurs d&#039;humidit\u00e9&quot;,&quot;code&quot;:&quot;R23F01SF01SS09&quot;,&quot;id&quot;:&quot;28815&quot;,&quot;type&quot;:&quot;RAYON&quot;,&quot;picto&quot;:null,&quot;level&quot;:4,&quot;sellerId&quot;:null,&quot;slug&quot;:&quot;absorbeur-humidite&quot;,&quot;selected&quot;:false,&quot;children&quot;:null,&quot;layers&quot;:&quot;\/navigation\/28815\/layers&quot;,&quot;link&quot;:&quot;\/r\/jardin-bricolage-auto\/bricolage\/peintures-colles-revetements\/absorbeur-humidite&quot;}],&quot;layers&quot;:&quot;\/navigation\/26356\/layers&quot;,&quot;link&quot;:&quot;\/r\/jardin-bricolage-auto\/bricolage\/peintures-colles-revetements&quot;},{&quot;name&quot;:&quot;Electricit\u00e9&quot;,&quot;code&quot;:&quot;R23F01SF02&quot;,&quot;id&quot;:&quot;26349&quot;,&quot;type&quot;:&quot;RAYON&quot;,&quot;picto&quot;:null,&quot;level&quot;:3,&quot;sellerId&quot;:null,&quot;slug&quot;:&quot;electricite&quot;,&quot;selected&quot;:false,&quot;children&quot;:[{&quot;name&quot;:&quot;Ampoules et Eclairage&quot;,&quot;code&quot;:&quot;R23F01SF02SS01&quot;,&quot;id&quot;:&quot;26637&quot;,&quot;type&quot;:&quot;RAYON&quot;,&quot;picto&quot;:null,&quot;level&quot;:4,&quot;sellerId&quot;:null,&quot;slug&quot;:&quot;ampoules-eclairage&quot;,&quot;selected&quot;:false,&quot;children&quot;:null,&quot;layers&quot;:&quot;\/navigation\/26637\/layers&quot;,&quot;link&quot;:&quot;\/r\/jardin-bricolage-auto\/bricolage\/electricite\/ampoules-eclairage&quot;},{&quot;name&quot;:&quot;Prises, Rallonges et Interrupteurs&quot;,&quot;code&quot;:&quot;R23F01SF02SS02&quot;,&quot;id&quot;:&quot;26638&quot;,&quot;type&quot;:&quot;RAYON&quot;,&quot;picto&quot;:null,&quot;level&quot;:4,&quot;sellerId&quot;:null,&quot;slug&quot;:&quot;prises-rallonges-interrupteurs&quot;,&quot;selected&quot;:false,&quot;children&quot;:null,&quot;layers&quot;:&quot;\/navigation\/26638\/layers&quot;,&quot;link&quot;:&quot;\/r\/jardin-bricolage-auto\/bricolage\/electricite\/prises-rallonges-interrupteurs&quot;},{&quot;name&quot;:&quot;Piles, Piles rechargeables et Chargeurs&quot;,&quot;code&quot;:&quot;R23F01SF02SS03&quot;,&quot;id&quot;:&quot;26885&quot;,&quot;type&quot;:&quot;RAYON&quot;,&quot;picto&quot;:null,&quot;level&quot;:4,&quot;sellerId&quot;:null,&quot;slug&quot;:&quot;piles&quot;,&quot;selected&quot;:false,&quot;children&quot;:null,&quot;layers&quot;:&quot;\/navigation\/26885\/layers&quot;,&quot;link&quot;:&quot;\/r\/jardin-bricolage-auto\/bricolage\/electricite\/piles&quot;},{&quot;name&quot;:&quot;Accessoires \u00e9lectriques&quot;,&quot;code&quot;:&quot;R23F01SF02SS06&quot;,&quot;id&quot;:&quot;26641&quot;,&quot;type&quot;:&quot;RAYON&quot;,&quot;picto&quot;:null,&quot;level&quot;:4,&quot;sellerId&quot;:null,&quot;slug&quot;:&quot;accessoires-electriques&quot;,&quot;selected&quot;:false,&quot;children&quot;:null,&quot;layers&quot;:&quot;\/navigation\/26641\/layers&quot;,&quot;link&quot;:&quot;\/r\/jardin-bricolage-auto\/bricolage\/electricite\/accessoires-electriques&quot;}],&quot;layers&quot;:&quot;\/navigation\/26349\/layers&quot;,&quot;link&quot;:&quot;\/r\/jardin-bricolage-auto\/bricolage\/electricite&quot;},{&quot;name&quot;:&quot;Outillage \u00e9lectrique&quot;,&quot;code&quot;:&quot;R23F01SF03&quot;,&quot;id&quot;:&quot;26350&quot;,&quot;type&quot;:&quot;RAYON&quot;,&quot;picto&quot;:null,&quot;level&quot;:3,&quot;sellerId&quot;:null,&quot;slug&quot;:&quot;outillage-electrique&quot;,&quot;selected&quot;:false,&quot;children&quot;:[{&quot;name&quot;:&quot;Perceuses et Visseuses&quot;,&quot;code&quot;:&quot;R23F01SF03SS01&quot;,&quot;id&quot;:&quot;26642&quot;,&quot;type&quot;:&quot;RAYON&quot;,&quot;picto&quot;:null,&quot;level&quot;:4,&quot;sellerId&quot;:null,&quot;slug&quot;:&quot;perceuses-visseuses&quot;,&quot;selected&quot;:false,&quot;children&quot;:null,&quot;layers&quot;:&quot;\/navigation\/26642\/layers&quot;,&quot;link&quot;:&quot;\/r\/jardin-bricolage-auto\/bricolage\/outillage-electrique\/perceuses-visseuses&quot;},{&quot;name&quot;:&quot;Perforeuses et Ponceuses&quot;,&quot;code&quot;:&quot;R23F01SF03SS02&quot;,&quot;id&quot;:&quot;26643&quot;,&quot;type&quot;:&quot;RAYON&quot;,&quot;picto&quot;:null,&quot;level&quot;:4,&quot;sellerId&quot;:null,&quot;slug&quot;:&quot;perforeuses-ponceuses&quot;,&quot;selected&quot;:false,&quot;children&quot;:null,&quot;layers&quot;:&quot;\/navigation\/26643\/layers&quot;,&quot;link&quot;:&quot;\/r\/jardin-bricolage-auto\/bricolage\/outillage-electrique\/perforeuses-ponceuses&quot;}],&quot;layers&quot;:&quot;\/navigation\/26350\/layers&quot;,&quot;link&quot;:&quot;\/r\/jardin-bricolage-auto\/bricolage\/outillage-electrique&quot;},{&quot;name&quot;:&quot;Outillage \u00e0 main&quot;,&quot;code&quot;:&quot;R23F01SF04&quot;,&quot;id&quot;:&quot;26351&quot;,&quot;type&quot;:&quot;RAYON&quot;,&quot;picto&quot;:null,&quot;level&quot;:3,&quot;sellerId&quot;:null,&quot;slug&quot;:&quot;outillage-a-main&quot;,&quot;selected&quot;:false,&quot;children&quot;:[{&quot;name&quot;:&quot;Scies et Outils de coupe&quot;,&quot;code&quot;:&quot;R23F01SF04SS02&quot;,&quot;id&quot;:&quot;26646&quot;,&quot;type&quot;:&quot;RAYON&quot;,&quot;picto&quot;:null,&quot;level&quot;:4,&quot;sellerId&quot;:null,&quot;slug&quot;:&quot;scies-outils-de-coupe&quot;,&quot;selected&quot;:false,&quot;children&quot;:null,&quot;layers&quot;:&quot;\/navigation\/26646\/layers&quot;,&quot;link&quot;:&quot;\/r\/jardin-bricolage-auto\/bricolage\/outillage-a-main\/scies-outils-de-coupe&quot;}],&quot;layers&quot;:&quot;\/navigation\/26351\/layers&quot;,&quot;link&quot;:&quot;\/r\/jardin-bricolage-auto\/bricolage\/outillage-a-main&quot;},{&quot;name&quot;:&quot;Equipements d&#039;atelier&quot;,&quot;code&quot;:&quot;R23F01SF05&quot;,&quot;id&quot;:&quot;26352&quot;,&quot;type&quot;:&quot;RAYON&quot;,&quot;picto&quot;:null,&quot;level&quot;:3,&quot;sellerId&quot;:null,&quot;slug&quot;:&quot;equipement-atelier&quot;,&quot;selected&quot;:false,&quot;children&quot;:[{&quot;name&quot;:&quot;M\u00e8tres et Outils de tra\u00e7age&quot;,&quot;code&quot;:&quot;R23F01SF05SS02&quot;,&quot;id&quot;:&quot;26649&quot;,&quot;type&quot;:&quot;RAYON&quot;,&quot;picto&quot;:null,&quot;level&quot;:4,&quot;sellerId&quot;:null,&quot;slug&quot;:&quot;metres-et-outils-de-tracage&quot;,&quot;selected&quot;:false,&quot;children&quot;:null,&quot;layers&quot;:&quot;\/navigation\/26649\/layers&quot;,&quot;link&quot;:&quot;\/r\/jardin-bricolage-auto\/bricolage\/equipement-atelier\/metres-et-outils-de-tracage&quot;},{&quot;name&quot;:&quot;Protections et Equipements&quot;,&quot;code&quot;:&quot;R23F01SF05SS03&quot;,&quot;id&quot;:&quot;26933&quot;,&quot;type&quot;:&quot;RAYON&quot;,&quot;picto&quot;:null,&quot;level&quot;:4,&quot;sellerId&quot;:null,&quot;slug&quot;:&quot;equipement-et-protection-individuelle&quot;,&quot;selected&quot;:false,&quot;children&quot;:null,&quot;layers&quot;:&quot;\/navigation\/26933\/layers&quot;,&quot;link&quot;:&quot;\/r\/jardin-bricolage-auto\/bricolage\/equipement-atelier\/equipement-et-protection-individuelle&quot;}],&quot;layers&quot;:&quot;\/navigation\/26352\/layers&quot;,&quot;link&quot;:&quot;\/r\/jardin-bricolage-auto\/bricolage\/equipement-atelier&quot;},{&quot;name&quot;:&quot;Quincaillerie&quot;,&quot;code&quot;:&quot;R23F01SF07&quot;,&quot;id&quot;:&quot;26354&quot;,&quot;type&quot;:&quot;RAYON&quot;,&quot;picto&quot;:null,&quot;level&quot;:3,&quot;sellerId&quot;:null,&quot;slug&quot;:&quot;quincaillerie&quot;,&quot;selected&quot;:false,&quot;children&quot;:[{&quot;name&quot;:&quot;Clous, Vis et Accessoires&quot;,&quot;code&quot;:&quot;R23F01SF07SS01&quot;,&quot;id&quot;:&quot;26650&quot;,&quot;type&quot;:&quot;RAYON&quot;,&quot;picto&quot;:null,&quot;level&quot;:4,&quot;sellerId&quot;:null,&quot;slug&quot;:&quot;clous-vis-accessoires&quot;,&quot;selected&quot;:false,&quot;children&quot;:null,&quot;layers&quot;:&quot;\/navigation\/26650\/layers&quot;,&quot;link&quot;:&quot;\/r\/jardin-bricolage-auto\/bricolage\/quincaillerie\/clous-vis-accessoires&quot;},{&quot;name&quot;:&quot;S\u00e9curit\u00e9 et Coffres forts&quot;,&quot;code&quot;:&quot;R23F01SF07SS05&quot;,&quot;id&quot;:&quot;26654&quot;,&quot;type&quot;:&quot;RAYON&quot;,&quot;picto&quot;:null,&quot;level&quot;:4,&quot;sellerId&quot;:null,&quot;slug&quot;:&quot;securite-coffres-forts&quot;,&quot;selected&quot;:false,&quot;children&quot;:null,&quot;layers&quot;:&quot;\/navigation\/26654\/layers&quot;,&quot;link&quot;:&quot;\/r\/jardin-bricolage-auto\/bricolage\/quincaillerie\/securite-coffres-forts&quot;},{&quot;name&quot;:&quot;Accessoires de quincaillerie&quot;,&quot;code&quot;:&quot;R23F01SF07SS06&quot;,&quot;id&quot;:&quot;26655&quot;,&quot;type&quot;:&quot;RAYON&quot;,&quot;picto&quot;:null,&quot;level&quot;:4,&quot;sellerId&quot;:null,&quot;slug&quot;:&quot;accessoires-quincaillerie&quot;,&quot;selected&quot;:false,&quot;children&quot;:null,&quot;layers&quot;:&quot;\/navigation\/26655\/layers&quot;,&quot;link&quot;:&quot;\/r\/jardin-bricolage-auto\/bricolage\/quincaillerie\/accessoires-quincaillerie&quot;},{&quot;name&quot;:&quot;Tuyau de gaz&quot;,&quot;code&quot;:&quot;R23F01SF07SS07&quot;,&quot;id&quot;:&quot;26934&quot;,&quot;type&quot;:&quot;RAYON&quot;,&quot;picto&quot;:null,&quot;level&quot;:4,&quot;sellerId&quot;:null,&quot;slug&quot;:&quot;tuyau-de-gaz&quot;,&quot;selected&quot;:false,&quot;children&quot;:null,&quot;layers&quot;:&quot;\/navigation\/26934\/layers&quot;,&quot;link&quot;:&quot;\/r\/jardin-bricolage-auto\/bricolage\/quincaillerie\/tuyau-de-gaz&quot;}],&quot;layers&quot;:&quot;\/navigation\/26354\/layers&quot;,&quot;link&quot;:&quot;\/r\/jardin-bricolage-auto\/bricolage\/quincaillerie&quot;},{&quot;name&quot;:&quot;Plomberie&quot;,&quot;code&quot;:&quot;R23F01SF08&quot;,&quot;id&quot;:&quot;26355&quot;,&quot;type&quot;:&quot;RAYON&quot;,&quot;picto&quot;:null,&quot;level&quot;:3,&quot;sellerId&quot;:null,&quot;slug&quot;:&quot;plomberie&quot;,&quot;selected&quot;:false,&quot;children&quot;:[{&quot;name&quot;:&quot;Colonnes de douche&quot;,&quot;code&quot;:&quot;R23F01SF08SS02&quot;,&quot;id&quot;:&quot;26657&quot;,&quot;type&quot;:&quot;RAYON&quot;,&quot;picto&quot;:null,&quot;level&quot;:4,&quot;sellerId&quot;:null,&quot;slug&quot;:&quot;colonnes-de-douche&quot;,&quot;selected&quot;:false,&quot;children&quot;:null,&quot;layers&quot;:&quot;\/navigation\/26657\/layers&quot;,&quot;link&quot;:&quot;\/r\/jardin-bricolage-auto\/bricolage\/plomberie\/colonnes-de-douche&quot;},{&quot;name&quot;:&quot;Eviers&quot;,&quot;code&quot;:&quot;R23F01SF08SS06&quot;,&quot;id&quot;:&quot;26661&quot;,&quot;type&quot;:&quot;RAYON&quot;,&quot;picto&quot;:null,&quot;level&quot;:4,&quot;sellerId&quot;:null,&quot;slug&quot;:&quot;eviers&quot;,&quot;selected&quot;:false,&quot;children&quot;:null,&quot;layers&quot;:&quot;\/navigation\/26661\/layers&quot;,&quot;link&quot;:&quot;\/r\/jardin-bricolage-auto\/bricolage\/plomberie\/eviers&quot;},{&quot;name&quot;:&quot;Robinetterie&quot;,&quot;code&quot;:&quot;R23F01SF08SS07&quot;,&quot;id&quot;:&quot;26662&quot;,&quot;type&quot;:&quot;RAYON&quot;,&quot;picto&quot;:null,&quot;level&quot;:4,&quot;sellerId&quot;:null,&quot;slug&quot;:&quot;robinetterie&quot;,&quot;selected&quot;:false,&quot;children&quot;:null,&quot;layers&quot;:&quot;\/navigation\/26662\/layers&quot;,&quot;link&quot;:&quot;\/r\/jardin-bricolage-auto\/bricolage\/plomberie\/robinetterie&quot;},{&quot;name&quot;:&quot;WC&quot;,&quot;code&quot;:&quot;R23F01SF08SS08&quot;,&quot;id&quot;:&quot;26663&quot;,&quot;type&quot;:&quot;RAYON&quot;,&quot;picto&quot;:null,&quot;level&quot;:4,&quot;sellerId&quot;:null,&quot;slug&quot;:&quot;wc&quot;,&quot;selected&quot;:false,&quot;children&quot;:null,&quot;layers&quot;:&quot;\/navigation\/26663\/layers&quot;,&quot;link&quot;:&quot;\/r\/jardin-bricolage-auto\/bricolage\/plomberie\/wc&quot;},{&quot;name&quot;:&quot;Accessoires de plomberie&quot;,&quot;code&quot;:&quot;R23F01SF08SS11&quot;,&quot;id&quot;:&quot;26666&quot;,&quot;type&quot;:&quot;RAYON&quot;,&quot;picto&quot;:null,&quot;level&quot;:4,&quot;sellerId&quot;:null,&quot;slug&quot;:&quot;accessoires-de-plomberie&quot;,&quot;selected&quot;:false,&quot;children&quot;:null,&quot;layers&quot;:&quot;\/navigation\/26666\/layers&quot;,&quot;link&quot;:&quot;\/r\/jardin-bricolage-auto\/bricolage\/plomberie\/accessoires-de-plomberie&quot;}],&quot;layers&quot;:&quot;\/navigation\/26355\/layers&quot;,&quot;link&quot;:&quot;\/r\/jardin-bricolage-auto\/bricolage\/plomberie&quot;}],&quot;layers&quot;:&quot;\/navigation\/26138\/layers&quot;,&quot;link&quot;:&quot;\/r\/jardin-bricolage-auto\/bricolage&quot;},{&quot;name&quot;:&quot;Mobilier et D\u00e9corations de jardin&quot;,&quot;code&quot;:&quot;R23F02&quot;,&quot;id&quot;:&quot;26072&quot;,&quot;type&quot;:&quot;RAYON&quot;,&quot;picto&quot;:null,&quot;level&quot;:2,&quot;sellerId&quot;:null,&quot;slug&quot;:&quot;mobilier-decoration-jardin&quot;,&quot;selected&quot;:false,&quot;children&quot;:[{&quot;name&quot;:&quot;Tables et Chaises&quot;,&quot;code&quot;:&quot;R23F02SF02&quot;,&quot;id&quot;:&quot;26318&quot;,&quot;type&quot;:&quot;RAYON&quot;,&quot;picto&quot;:null,&quot;level&quot;:3,&quot;sellerId&quot;:null,&quot;slug&quot;:&quot;tables-chaises&quot;,&quot;selected&quot;:false,&quot;children&quot;:null,&quot;layers&quot;:&quot;\/navigation\/26318\/layers&quot;,&quot;link&quot;:&quot;\/r\/jardin-bricolage-auto\/mobilier-decoration-jardin\/tables-chaises&quot;},{&quot;name&quot;:&quot;Eclairage d&#039;ext\u00e9rieur&quot;,&quot;code&quot;:&quot;R23F02SF06&quot;,&quot;id&quot;:&quot;26322&quot;,&quot;type&quot;:&quot;RAYON&quot;,&quot;picto&quot;:null,&quot;level&quot;:3,&quot;sellerId&quot;:null,&quot;slug&quot;:&quot;eclairage-exterieur&quot;,&quot;selected&quot;:false,&quot;children&quot;:null,&quot;layers&quot;:&quot;\/navigation\/26322\/layers&quot;,&quot;link&quot;:&quot;\/r\/jardin-bricolage-auto\/mobilier-decoration-jardin\/eclairage-exterieur&quot;},{&quot;name&quot;:&quot;Chauffages d&#039;ext\u00e9rieur&quot;,&quot;code&quot;:&quot;R23F02SF07&quot;,&quot;id&quot;:&quot;26323&quot;,&quot;type&quot;:&quot;RAYON&quot;,&quot;picto&quot;:null,&quot;level&quot;:3,&quot;sellerId&quot;:null,&quot;slug&quot;:&quot;chauffages-exterieur&quot;,&quot;selected&quot;:false,&quot;children&quot;:null,&quot;layers&quot;:&quot;\/navigation\/26323\/layers&quot;,&quot;link&quot;:&quot;\/r\/jardin-bricolage-auto\/mobilier-decoration-jardin\/chauffages-exterieur&quot;},{&quot;name&quot;:&quot;D\u00e9corations d&#039;ext\u00e9rieur&quot;,&quot;code&quot;:&quot;R23F02SF08&quot;,&quot;id&quot;:&quot;26324&quot;,&quot;type&quot;:&quot;RAYON&quot;,&quot;picto&quot;:null,&quot;level&quot;:3,&quot;sellerId&quot;:null,&quot;slug&quot;:&quot;decorations-exterieur&quot;,&quot;selected&quot;:false,&quot;children&quot;:null,&quot;layers&quot;:&quot;\/navigation\/26324\/layers&quot;,&quot;link&quot;:&quot;\/r\/jardin-bricolage-auto\/mobilier-decoration-jardin\/decorations-exterieur&quot;}],&quot;layers&quot;:&quot;\/navigation\/26072\/layers&quot;,&quot;link&quot;:&quot;\/r\/jardin-bricolage-auto\/mobilier-decoration-jardin&quot;},{&quot;name&quot;:&quot;Barbecues et Planchas&quot;,&quot;code&quot;:&quot;R23F03&quot;,&quot;id&quot;:&quot;26074&quot;,&quot;type&quot;:&quot;RAYON&quot;,&quot;picto&quot;:null,&quot;level&quot;:2,&quot;sellerId&quot;:null,&quot;slug&quot;:&quot;barbecues-planchas&quot;,&quot;selected&quot;:false,&quot;children&quot;:[{&quot;name&quot;:&quot;Barbecues&quot;,&quot;code&quot;:&quot;R23F03SF01&quot;,&quot;id&quot;:&quot;26325&quot;,&quot;type&quot;:&quot;RAYON&quot;,&quot;picto&quot;:null,&quot;level&quot;:3,&quot;sellerId&quot;:null,&quot;slug&quot;:&quot;barbecues&quot;,&quot;selected&quot;:false,&quot;children&quot;:null,&quot;layers&quot;:&quot;\/navigation\/26325\/layers&quot;,&quot;link&quot;:&quot;\/r\/jardin-bricolage-auto\/barbecues-planchas\/barbecues&quot;},{&quot;name&quot;:&quot;Planchas&quot;,&quot;code&quot;:&quot;R23F03SF02&quot;,&quot;id&quot;:&quot;26326&quot;,&quot;type&quot;:&quot;RAYON&quot;,&quot;picto&quot;:null,&quot;level&quot;:3,&quot;sellerId&quot;:null,&quot;slug&quot;:&quot;planchas&quot;,&quot;selected&quot;:false,&quot;children&quot;:null,&quot;layers&quot;:&quot;\/navigation\/26326\/layers&quot;,&quot;link&quot;:&quot;\/r\/jardin-bricolage-auto\/barbecues-planchas\/planchas&quot;},{&quot;name&quot;:&quot;Accessoires de barbecue et plancha&quot;,&quot;code&quot;:&quot;R23F03SF04&quot;,&quot;id&quot;:&quot;26328&quot;,&quot;type&quot;:&quot;RAYON&quot;,&quot;picto&quot;:null,&quot;level&quot;:3,&quot;sellerId&quot;:null,&quot;slug&quot;:&quot;accessoires-barbecue-plancha&quot;,&quot;selected&quot;:false,&quot;children&quot;:null,&quot;layers&quot;:&quot;\/navigation\/26328\/layers&quot;,&quot;link&quot;:&quot;\/r\/jardin-bricolage-auto\/barbecues-planchas\/accessoires-barbecue-plancha&quot;},{&quot;name&quot;:&quot;Gaz, Charbons et Allume feu&quot;,&quot;code&quot;:&quot;R23F03SF05&quot;,&quot;id&quot;:&quot;26329&quot;,&quot;type&quot;:&quot;RAYON&quot;,&quot;picto&quot;:null,&quot;level&quot;:3,&quot;sellerId&quot;:null,&quot;slug&quot;:&quot;gaz-charbons-allume-feu&quot;,&quot;selected&quot;:false,&quot;children&quot;:null,&quot;layers&quot;:&quot;\/navigation\/26329\/layers&quot;,&quot;link&quot;:&quot;\/r\/jardin-bricolage-auto\/barbecues-planchas\/gaz-charbons-allume-feu&quot;}],&quot;layers&quot;:&quot;\/navigation\/26074\/layers&quot;,&quot;link&quot;:&quot;\/r\/jardin-bricolage-auto\/barbecues-planchas&quot;},{&quot;name&quot;:&quot;Piscines et Spa&quot;,&quot;code&quot;:&quot;R23F04&quot;,&quot;id&quot;:&quot;26076&quot;,&quot;type&quot;:&quot;RAYON&quot;,&quot;picto&quot;:null,&quot;level&quot;:2,&quot;sellerId&quot;:null,&quot;slug&quot;:&quot;piscines-spa&quot;,&quot;selected&quot;:false,&quot;children&quot;:[{&quot;name&quot;:&quot;Piscines&quot;,&quot;code&quot;:&quot;R23F04SF01&quot;,&quot;id&quot;:&quot;26330&quot;,&quot;type&quot;:&quot;RAYON&quot;,&quot;picto&quot;:null,&quot;level&quot;:3,&quot;sellerId&quot;:null,&quot;slug&quot;:&quot;piscines&quot;,&quot;selected&quot;:false,&quot;children&quot;:null,&quot;layers&quot;:&quot;\/navigation\/26330\/layers&quot;,&quot;link&quot;:&quot;\/r\/jardin-bricolage-auto\/piscines-spa\/piscines&quot;},{&quot;name&quot;:&quot;Entretien de piscine et Robots nettoyeurs&quot;,&quot;code&quot;:&quot;R23F04SF04&quot;,&quot;id&quot;:&quot;26333&quot;,&quot;type&quot;:&quot;RAYON&quot;,&quot;picto&quot;:null,&quot;level&quot;:3,&quot;sellerId&quot;:null,&quot;slug&quot;:&quot;entretien-piscine-robots-nettoyeurs&quot;,&quot;selected&quot;:false,&quot;children&quot;:null,&quot;layers&quot;:&quot;\/navigation\/26333\/layers&quot;,&quot;link&quot;:&quot;\/r\/jardin-bricolage-auto\/piscines-spa\/entretien-piscine-robots-nettoyeurs&quot;},{&quot;name&quot;:&quot;Chauffage de piscine&quot;,&quot;code&quot;:&quot;R23F04SF05&quot;,&quot;id&quot;:&quot;26334&quot;,&quot;type&quot;:&quot;RAYON&quot;,&quot;picto&quot;:null,&quot;level&quot;:3,&quot;sellerId&quot;:null,&quot;slug&quot;:&quot;chauffage-piscine&quot;,&quot;selected&quot;:false,&quot;children&quot;:null,&quot;layers&quot;:&quot;\/navigation\/26334\/layers&quot;,&quot;link&quot;:&quot;\/r\/jardin-bricolage-auto\/piscines-spa\/chauffage-piscine&quot;}],&quot;layers&quot;:&quot;\/navigation\/26076\/layers&quot;,&quot;link&quot;:&quot;\/r\/jardin-bricolage-auto\/piscines-spa&quot;},{&quot;name&quot;:&quot;Jardinage et Outillage&quot;,&quot;code&quot;:&quot;R23F06&quot;,&quot;id&quot;:&quot;26136&quot;,&quot;type&quot;:&quot;RAYON&quot;,&quot;picto&quot;:null,&quot;level&quot;:2,&quot;sellerId&quot;:null,&quot;slug&quot;:&quot;jardinage-outillage&quot;,&quot;selected&quot;:false,&quot;children&quot;:[{&quot;name&quot;:&quot;Tondeuses et Outils motoris\u00e9s&quot;,&quot;code&quot;:&quot;R23F06SF01&quot;,&quot;id&quot;:&quot;26341&quot;,&quot;type&quot;:&quot;RAYON&quot;,&quot;picto&quot;:null,&quot;level&quot;:3,&quot;sellerId&quot;:null,&quot;slug&quot;:&quot;tondeuses-outils-motorises&quot;,&quot;selected&quot;:false,&quot;children&quot;:[{&quot;name&quot;:&quot;Tondeuses, Tron\u00e7onneuses et D\u00e9mousseurs&quot;,&quot;code&quot;:&quot;R23F06SF01SS01&quot;,&quot;id&quot;:&quot;26620&quot;,&quot;type&quot;:&quot;RAYON&quot;,&quot;picto&quot;:null,&quot;level&quot;:4,&quot;sellerId&quot;:null,&quot;slug&quot;:&quot;tondeuses-demousseurs&quot;,&quot;selected&quot;:false,&quot;children&quot;:null,&quot;layers&quot;:&quot;\/navigation\/26620\/layers&quot;,&quot;link&quot;:&quot;\/r\/jardin-bricolage-auto\/jardinage-outillage\/tondeuses-outils-motorises\/tondeuses-demousseurs&quot;},{&quot;name&quot;:&quot;Aspirateurs souffleur&quot;,&quot;code&quot;:&quot;R23F06SF01SS06&quot;,&quot;id&quot;:&quot;26625&quot;,&quot;type&quot;:&quot;RAYON&quot;,&quot;picto&quot;:null,&quot;level&quot;:4,&quot;sellerId&quot;:null,&quot;slug&quot;:&quot;aspirateurs-souffleur&quot;,&quot;selected&quot;:false,&quot;children&quot;:null,&quot;layers&quot;:&quot;\/navigation\/26625\/layers&quot;,&quot;link&quot;:&quot;\/r\/jardin-bricolage-auto\/jardinage-outillage\/tondeuses-outils-motorises\/aspirateurs-souffleur&quot;}],&quot;layers&quot;:&quot;\/navigation\/26341\/layers&quot;,&quot;link&quot;:&quot;\/r\/jardin-bricolage-auto\/jardinage-outillage\/tondeuses-outils-motorises&quot;},{&quot;name&quot;:&quot;Nettoyeurs haute pression&quot;,&quot;code&quot;:&quot;R23F06SF02&quot;,&quot;id&quot;:&quot;26343&quot;,&quot;type&quot;:&quot;RAYON&quot;,&quot;picto&quot;:null,&quot;level&quot;:3,&quot;sellerId&quot;:null,&quot;slug&quot;:&quot;nettoyeurs-haute-pression&quot;,&quot;selected&quot;:false,&quot;children&quot;:null,&quot;layers&quot;:&quot;\/navigation\/26343\/layers&quot;,&quot;link&quot;:&quot;\/r\/jardin-bricolage-auto\/jardinage-outillage\/nettoyeurs-haute-pression&quot;},{&quot;name&quot;:&quot;Outils \u00e0 main&quot;,&quot;code&quot;:&quot;R23F06SF03&quot;,&quot;id&quot;:&quot;26342&quot;,&quot;type&quot;:&quot;RAYON&quot;,&quot;picto&quot;:null,&quot;level&quot;:3,&quot;sellerId&quot;:null,&quot;slug&quot;:&quot;outils-a-main&quot;,&quot;selected&quot;:false,&quot;children&quot;:[{&quot;name&quot;:&quot;Tailler&quot;,&quot;code&quot;:&quot;R23F06SF03SS01&quot;,&quot;id&quot;:&quot;26628&quot;,&quot;type&quot;:&quot;RAYON&quot;,&quot;picto&quot;:null,&quot;level&quot;:4,&quot;sellerId&quot;:null,&quot;slug&quot;:&quot;tailler&quot;,&quot;selected&quot;:false,&quot;children&quot;:null,&quot;layers&quot;:&quot;\/navigation\/26628\/layers&quot;,&quot;link&quot;:&quot;\/r\/jardin-bricolage-auto\/jardinage-outillage\/outils-a-main\/tailler&quot;},{&quot;name&quot;:&quot;Travailler le sol&quot;,&quot;code&quot;:&quot;R23F06SF03SS04&quot;,&quot;id&quot;:&quot;26631&quot;,&quot;type&quot;:&quot;RAYON&quot;,&quot;picto&quot;:null,&quot;level&quot;:4,&quot;sellerId&quot;:null,&quot;slug&quot;:&quot;travailler-le-sol&quot;,&quot;selected&quot;:false,&quot;children&quot;:null,&quot;layers&quot;:&quot;\/navigation\/26631\/layers&quot;,&quot;link&quot;:&quot;\/r\/jardin-bricolage-auto\/jardinage-outillage\/outils-a-main\/travailler-le-sol&quot;},{&quot;name&quot;:&quot;Travailler le gazon&quot;,&quot;code&quot;:&quot;R23F06SF03SS05&quot;,&quot;id&quot;:&quot;26632&quot;,&quot;type&quot;:&quot;RAYON&quot;,&quot;picto&quot;:null,&quot;level&quot;:4,&quot;sellerId&quot;:null,&quot;slug&quot;:&quot;travailler-le-gazon&quot;,&quot;selected&quot;:false,&quot;children&quot;:null,&quot;layers&quot;:&quot;\/navigation\/26632\/layers&quot;,&quot;link&quot;:&quot;\/r\/jardin-bricolage-auto\/jardinage-outillage\/outils-a-main\/travailler-le-gazon&quot;},{&quot;name&quot;:&quot;Balayer&quot;,&quot;code&quot;:&quot;R23F06SF03SS06&quot;,&quot;id&quot;:&quot;26633&quot;,&quot;type&quot;:&quot;RAYON&quot;,&quot;picto&quot;:null,&quot;level&quot;:4,&quot;sellerId&quot;:null,&quot;slug&quot;:&quot;balayer&quot;,&quot;selected&quot;:false,&quot;children&quot;:null,&quot;layers&quot;:&quot;\/navigation\/26633\/layers&quot;,&quot;link&quot;:&quot;\/r\/jardin-bricolage-auto\/jardinage-outillage\/outils-a-main\/balayer&quot;},{&quot;name&quot;:&quot;Couper le bois&quot;,&quot;code&quot;:&quot;R23F06SF03SS07&quot;,&quot;id&quot;:&quot;26634&quot;,&quot;type&quot;:&quot;RAYON&quot;,&quot;picto&quot;:null,&quot;level&quot;:4,&quot;sellerId&quot;:null,&quot;slug&quot;:&quot;couper-le-bois&quot;,&quot;selected&quot;:false,&quot;children&quot;:null,&quot;layers&quot;:&quot;\/navigation\/26634\/layers&quot;,&quot;link&quot;:&quot;\/r\/jardin-bricolage-auto\/jardinage-outillage\/outils-a-main\/couper-le-bois&quot;}],&quot;layers&quot;:&quot;\/navigation\/26342\/layers&quot;,&quot;link&quot;:&quot;\/r\/jardin-bricolage-auto\/jardinage-outillage\/outils-a-main&quot;},{&quot;name&quot;:&quot;Terreaux, Engrais et Traitements d\u00e9chets&quot;,&quot;code&quot;:&quot;R23F06SF04&quot;,&quot;id&quot;:&quot;26347&quot;,&quot;type&quot;:&quot;RAYON&quot;,&quot;picto&quot;:null,&quot;level&quot;:3,&quot;sellerId&quot;:null,&quot;slug&quot;:&quot;terreaux-engrais-traitements-dechets&quot;,&quot;selected&quot;:false,&quot;children&quot;:null,&quot;layers&quot;:&quot;\/navigation\/26347\/layers&quot;,&quot;link&quot;:&quot;\/r\/jardin-bricolage-auto\/jardinage-outillage\/terreaux-engrais-traitements-dechets&quot;},{&quot;name&quot;:&quot;Plantes et Fleurs&quot;,&quot;code&quot;:&quot;R23F06SF05&quot;,&quot;id&quot;:&quot;26344&quot;,&quot;type&quot;:&quot;RAYON&quot;,&quot;picto&quot;:null,&quot;level&quot;:3,&quot;sellerId&quot;:null,&quot;slug&quot;:&quot;plantes-fleurs&quot;,&quot;selected&quot;:false,&quot;children&quot;:null,&quot;layers&quot;:&quot;\/navigation\/26344\/layers&quot;,&quot;link&quot;:&quot;\/r\/jardin-bricolage-auto\/jardinage-outillage\/plantes-fleurs&quot;},{&quot;name&quot;:&quot;Arrosage&quot;,&quot;code&quot;:&quot;R23F06SF07&quot;,&quot;id&quot;:&quot;26346&quot;,&quot;type&quot;:&quot;RAYON&quot;,&quot;picto&quot;:null,&quot;level&quot;:3,&quot;sellerId&quot;:null,&quot;slug&quot;:&quot;arrosage&quot;,&quot;selected&quot;:false,&quot;children&quot;:null,&quot;layers&quot;:&quot;\/navigation\/26346\/layers&quot;,&quot;link&quot;:&quot;\/r\/jardin-bricolage-auto\/jardinage-outillage\/arrosage&quot;},{&quot;name&quot;:&quot;V\u00eatements du jardinier&quot;,&quot;code&quot;:&quot;R23F06SF08&quot;,&quot;id&quot;:&quot;26348&quot;,&quot;type&quot;:&quot;RAYON&quot;,&quot;picto&quot;:null,&quot;level&quot;:3,&quot;sellerId&quot;:null,&quot;slug&quot;:&quot;vetements-jardinier&quot;,&quot;selected&quot;:false,&quot;children&quot;:null,&quot;layers&quot;:&quot;\/navigation\/26348\/layers&quot;,&quot;link&quot;:&quot;\/r\/jardin-bricolage-auto\/jardinage-outillage\/vetements-jardinier&quot;},{&quot;name&quot;:&quot;Destructeurs d&#039;insectes, Thermom\u00e8tres et Stations de m\u00e9t\u00e9o&quot;,&quot;code&quot;:&quot;R23F06SF09&quot;,&quot;id&quot;:&quot;26636&quot;,&quot;type&quot;:&quot;RAYON&quot;,&quot;picto&quot;:null,&quot;level&quot;:3,&quot;sellerId&quot;:null,&quot;slug&quot;:&quot;thermometres-stations-meteo&quot;,&quot;selected&quot;:false,&quot;children&quot;:null,&quot;layers&quot;:&quot;\/navigation\/26636\/layers&quot;,&quot;link&quot;:&quot;\/r\/jardin-bricolage-auto\/jardinage-outillage\/thermometres-stations-meteo&quot;}],&quot;layers&quot;:&quot;\/navigation\/26136\/layers&quot;,&quot;link&quot;:&quot;\/r\/jardin-bricolage-auto\/jardinage-outillage&quot;},{&quot;name&quot;:&quot;Auto et Moto&quot;,&quot;code&quot;:&quot;R23F07&quot;,&quot;id&quot;:&quot;26143&quot;,&quot;type&quot;:&quot;RAYON&quot;,&quot;picto&quot;:null,&quot;level&quot;:2,&quot;sellerId&quot;:null,&quot;slug&quot;:&quot;auto-moto&quot;,&quot;selected&quot;:false,&quot;children&quot;:[{&quot;name&quot;:&quot; Autoradio, GPS et Kits mains libres&quot;,&quot;code&quot;:&quot;R23F07SF01&quot;,&quot;id&quot;:&quot;26362&quot;,&quot;type&quot;:&quot;RAYON&quot;,&quot;picto&quot;:null,&quot;level&quot;:3,&quot;sellerId&quot;:null,&quot;slug&quot;:&quot;autoradio-gps-kits-mains-libres&quot;,&quot;selected&quot;:false,&quot;children&quot;:[{&quot;name&quot;:&quot;GPS&quot;,&quot;code&quot;:&quot;R23F07SF01SS01&quot;,&quot;id&quot;:&quot;26721&quot;,&quot;type&quot;:&quot;RAYON&quot;,&quot;picto&quot;:null,&quot;level&quot;:4,&quot;sellerId&quot;:null,&quot;slug&quot;:&quot;gps&quot;,&quot;selected&quot;:false,&quot;children&quot;:null,&quot;layers&quot;:&quot;\/navigation\/26721\/layers&quot;,&quot;link&quot;:&quot;\/r\/jardin-bricolage-auto\/auto-moto\/autoradio-gps-kits-mains-libres\/gps&quot;},{&quot;name&quot;:&quot;Autoradio&quot;,&quot;code&quot;:&quot;R23F07SF01SS02&quot;,&quot;id&quot;:&quot;26714&quot;,&quot;type&quot;:&quot;RAYON&quot;,&quot;picto&quot;:null,&quot;level&quot;:4,&quot;sellerId&quot;:null,&quot;slug&quot;:&quot;autoradio&quot;,&quot;selected&quot;:false,&quot;children&quot;:null,&quot;layers&quot;:&quot;\/navigation\/26714\/layers&quot;,&quot;link&quot;:&quot;\/r\/jardin-bricolage-auto\/auto-moto\/autoradio-gps-kits-mains-libres\/autoradio&quot;},{&quot;name&quot;:&quot;Kits mains libres, Chargeurs et Autres&quot;,&quot;code&quot;:&quot;R23F07SF01SS03&quot;,&quot;id&quot;:&quot;26716&quot;,&quot;type&quot;:&quot;RAYON&quot;,&quot;picto&quot;:null,&quot;level&quot;:4,&quot;sellerId&quot;:null,&quot;slug&quot;:&quot;kits-mains-libres-chargeurs-autres&quot;,&quot;selected&quot;:false,&quot;children&quot;:null,&quot;layers&quot;:&quot;\/navigation\/26716\/layers&quot;,&quot;link&quot;:&quot;\/r\/jardin-bricolage-auto\/auto-moto\/autoradio-gps-kits-mains-libres\/kits-mains-libres-chargeurs-autres&quot;},{&quot;name&quot;:&quot;Accessoires&quot;,&quot;code&quot;:&quot;R23F07SF01SS07&quot;,&quot;id&quot;:&quot;26725&quot;,&quot;type&quot;:&quot;RAYON&quot;,&quot;picto&quot;:null,&quot;level&quot;:4,&quot;sellerId&quot;:null,&quot;slug&quot;:&quot;accessoires&quot;,&quot;selected&quot;:false,&quot;children&quot;:null,&quot;layers&quot;:&quot;\/navigation\/26725\/layers&quot;,&quot;link&quot;:&quot;\/r\/jardin-bricolage-auto\/auto-moto\/autoradio-gps-kits-mains-libres\/accessoires&quot;}],&quot;layers&quot;:&quot;\/navigation\/26362\/layers&quot;,&quot;link&quot;:&quot;\/r\/jardin-bricolage-auto\/auto-moto\/autoradio-gps-kits-mains-libres&quot;},{&quot;name&quot;:&quot;D\u00e9marrage et Batteries&quot;,&quot;code&quot;:&quot;R23F07SF02&quot;,&quot;id&quot;:&quot;26358&quot;,&quot;type&quot;:&quot;RAYON&quot;,&quot;picto&quot;:null,&quot;level&quot;:3,&quot;sellerId&quot;:null,&quot;slug&quot;:&quot;demarrage-batterie&quot;,&quot;selected&quot;:false,&quot;children&quot;:[{&quot;name&quot;:&quot;Batteries&quot;,&quot;code&quot;:&quot;R23F07SF02SS01&quot;,&quot;id&quot;:&quot;26679&quot;,&quot;type&quot;:&quot;RAYON&quot;,&quot;picto&quot;:null,&quot;level&quot;:4,&quot;sellerId&quot;:null,&quot;slug&quot;:&quot;batteries&quot;,&quot;selected&quot;:false,&quot;children&quot;:null,&quot;layers&quot;:&quot;\/navigation\/26679\/layers&quot;,&quot;link&quot;:&quot;\/r\/jardin-bricolage-auto\/auto-moto\/demarrage-batterie\/batteries&quot;}],&quot;layers&quot;:&quot;\/navigation\/26358\/layers&quot;,&quot;link&quot;:&quot;\/r\/jardin-bricolage-auto\/auto-moto\/demarrage-batterie&quot;},{&quot;name&quot;:&quot;Huiles et Entretien&quot;,&quot;code&quot;:&quot;R23F07SF03&quot;,&quot;id&quot;:&quot;26359&quot;,&quot;type&quot;:&quot;RAYON&quot;,&quot;picto&quot;:null,&quot;level&quot;:3,&quot;sellerId&quot;:null,&quot;slug&quot;:&quot;huiles-entretien&quot;,&quot;selected&quot;:false,&quot;children&quot;:[{&quot;name&quot;:&quot;Huiles &quot;,&quot;code&quot;:&quot;R23F07SF03SS01&quot;,&quot;id&quot;:&quot;26682&quot;,&quot;type&quot;:&quot;RAYON&quot;,&quot;picto&quot;:null,&quot;level&quot;:4,&quot;sellerId&quot;:null,&quot;slug&quot;:&quot;huiles&quot;,&quot;selected&quot;:false,&quot;children&quot;:null,&quot;layers&quot;:&quot;\/navigation\/26682\/layers&quot;,&quot;link&quot;:&quot;\/r\/jardin-bricolage-auto\/auto-moto\/huiles-entretien\/huiles&quot;},{&quot;name&quot;:&quot;Additifs et Adblue&quot;,&quot;code&quot;:&quot;R23F07SF03SS02&quot;,&quot;id&quot;:&quot;26683&quot;,&quot;type&quot;:&quot;RAYON&quot;,&quot;picto&quot;:null,&quot;level&quot;:4,&quot;sellerId&quot;:null,&quot;slug&quot;:&quot;additifs-adblue&quot;,&quot;selected&quot;:false,&quot;children&quot;:null,&quot;layers&quot;:&quot;\/navigation\/26683\/layers&quot;,&quot;link&quot;:&quot;\/r\/jardin-bricolage-auto\/auto-moto\/huiles-entretien\/additifs-adblue&quot;},{&quot;name&quot;:&quot;Nettoyants et Lave-glaces&quot;,&quot;code&quot;:&quot;R23F07SF03SS03&quot;,&quot;id&quot;:&quot;26684&quot;,&quot;type&quot;:&quot;RAYON&quot;,&quot;picto&quot;:null,&quot;level&quot;:4,&quot;sellerId&quot;:null,&quot;slug&quot;:&quot;nettoyants-lave-glaces&quot;,&quot;selected&quot;:false,&quot;children&quot;:null,&quot;layers&quot;:&quot;\/navigation\/26684\/layers&quot;,&quot;link&quot;:&quot;\/r\/jardin-bricolage-auto\/auto-moto\/huiles-entretien\/nettoyants-lave-glaces&quot;},{&quot;name&quot;:&quot;D\u00e9graissants et Filtres&quot;,&quot;code&quot;:&quot;R23F07SF03SS04&quot;,&quot;id&quot;:&quot;26685&quot;,&quot;type&quot;:&quot;RAYON&quot;,&quot;picto&quot;:null,&quot;level&quot;:4,&quot;sellerId&quot;:null,&quot;slug&quot;:&quot;degraissants-filtres&quot;,&quot;selected&quot;:false,&quot;children&quot;:null,&quot;layers&quot;:&quot;\/navigation\/26685\/layers&quot;,&quot;link&quot;:&quot;\/r\/jardin-bricolage-auto\/auto-moto\/huiles-entretien\/degraissants-filtres&quot;},{&quot;name&quot;:&quot;Accessoires de nettoyage&quot;,&quot;code&quot;:&quot;R23F07SF03SS06&quot;,&quot;id&quot;:&quot;26687&quot;,&quot;type&quot;:&quot;RAYON&quot;,&quot;picto&quot;:null,&quot;level&quot;:4,&quot;sellerId&quot;:null,&quot;slug&quot;:&quot;accessoires-nettoyage&quot;,&quot;selected&quot;:false,&quot;children&quot;:null,&quot;layers&quot;:&quot;\/navigation\/26687\/layers&quot;,&quot;link&quot;:&quot;\/r\/jardin-bricolage-auto\/auto-moto\/huiles-entretien\/accessoires-nettoyage&quot;},{&quot;name&quot;:&quot;Liquide de refroidissement&quot;,&quot;code&quot;:&quot;R23F07SF03SS07&quot;,&quot;id&quot;:&quot;26874&quot;,&quot;type&quot;:&quot;RAYON&quot;,&quot;picto&quot;:null,&quot;level&quot;:4,&quot;sellerId&quot;:null,&quot;slug&quot;:&quot;liquide-de-refroidissement&quot;,&quot;selected&quot;:false,&quot;children&quot;:null,&quot;layers&quot;:&quot;\/navigation\/26874\/layers&quot;,&quot;link&quot;:&quot;\/r\/jardin-bricolage-auto\/auto-moto\/huiles-entretien\/liquide-de-refroidissement&quot;}],&quot;layers&quot;:&quot;\/navigation\/26359\/layers&quot;,&quot;link&quot;:&quot;\/r\/jardin-bricolage-auto\/auto-moto\/huiles-entretien&quot;},{&quot;name&quot;:&quot;Transports et Voyage&quot;,&quot;code&quot;:&quot;R23F07SF04&quot;,&quot;id&quot;:&quot;26360&quot;,&quot;type&quot;:&quot;RAYON&quot;,&quot;picto&quot;:null,&quot;level&quot;:3,&quot;sellerId&quot;:null,&quot;slug&quot;:&quot;transports-voyage&quot;,&quot;selected&quot;:false,&quot;children&quot;:[{&quot;name&quot;:&quot;Chaines et Chaussettes de neige&quot;,&quot;code&quot;:&quot;R23F07SF04SS01&quot;,&quot;id&quot;:&quot;26688&quot;,&quot;type&quot;:&quot;RAYON&quot;,&quot;picto&quot;:null,&quot;level&quot;:4,&quot;sellerId&quot;:null,&quot;slug&quot;:&quot;chaines-chaussettes-de-neige&quot;,&quot;selected&quot;:false,&quot;children&quot;:null,&quot;layers&quot;:&quot;\/navigation\/26688\/layers&quot;,&quot;link&quot;:&quot;\/r\/jardin-bricolage-auto\/auto-moto\/transports-voyage\/chaines-chaussettes-de-neige&quot;}],&quot;layers&quot;:&quot;\/navigation\/26360\/layers&quot;,&quot;link&quot;:&quot;\/r\/jardin-bricolage-auto\/auto-moto\/transports-voyage&quot;},{&quot;name&quot;:&quot;Equipements et S\u00e9curit\u00e9&quot;,&quot;code&quot;:&quot;R23F07SF05&quot;,&quot;id&quot;:&quot;26361&quot;,&quot;type&quot;:&quot;RAYON&quot;,&quot;picto&quot;:null,&quot;level&quot;:3,&quot;sellerId&quot;:null,&quot;slug&quot;:&quot;equipements-securite&quot;,&quot;selected&quot;:false,&quot;children&quot;:[{&quot;name&quot;:&quot;Ampoules et Optiques&quot;,&quot;code&quot;:&quot;R23F07SF05SS01&quot;,&quot;id&quot;:&quot;26698&quot;,&quot;type&quot;:&quot;RAYON&quot;,&quot;picto&quot;:null,&quot;level&quot;:4,&quot;sellerId&quot;:null,&quot;slug&quot;:&quot;ampoules-optiques&quot;,&quot;selected&quot;:false,&quot;children&quot;:null,&quot;layers&quot;:&quot;\/navigation\/26698\/layers&quot;,&quot;link&quot;:&quot;\/r\/jardin-bricolage-auto\/auto-moto\/equipements-securite\/ampoules-optiques&quot;},{&quot;name&quot;:&quot;Pneus auto&quot;,&quot;code&quot;:&quot;R23F07SF05SS06&quot;,&quot;id&quot;:&quot;26711&quot;,&quot;type&quot;:&quot;RAYON&quot;,&quot;picto&quot;:null,&quot;level&quot;:4,&quot;sellerId&quot;:null,&quot;slug&quot;:&quot;pneus-auto&quot;,&quot;selected&quot;:false,&quot;children&quot;:null,&quot;layers&quot;:&quot;\/navigation\/26711\/layers&quot;,&quot;link&quot;:&quot;\/r\/jardin-bricolage-auto\/auto-moto\/equipements-securite\/pneus-auto&quot;},{&quot;name&quot;:&quot;Lampes torche&quot;,&quot;code&quot;:&quot;R23F07SF05SS08&quot;,&quot;id&quot;:&quot;26906&quot;,&quot;type&quot;:&quot;RAYON&quot;,&quot;picto&quot;:null,&quot;level&quot;:4,&quot;sellerId&quot;:null,&quot;slug&quot;:&quot;lampe-torche&quot;,&quot;selected&quot;:false,&quot;children&quot;:null,&quot;layers&quot;:&quot;\/navigation\/26906\/layers&quot;,&quot;link&quot;:&quot;\/r\/jardin-bricolage-auto\/auto-moto\/equipements-securite\/lampe-torche&quot;}],&quot;layers&quot;:&quot;\/navigation\/26361\/layers&quot;,&quot;link&quot;:&quot;\/r\/jardin-bricolage-auto\/auto-moto\/equipements-securite&quot;},{&quot;name&quot;:&quot;Accessoires de moto et Equipement pilote&quot;,&quot;code&quot;:&quot;R23F07SF06&quot;,&quot;id&quot;:&quot;26363&quot;,&quot;type&quot;:&quot;RAYON&quot;,&quot;picto&quot;:null,&quot;level&quot;:3,&quot;sellerId&quot;:null,&quot;slug&quot;:&quot;accessoires-moto-equipement-pilote&quot;,&quot;selected&quot;:false,&quot;children&quot;:[{&quot;name&quot;:&quot;Casques&quot;,&quot;code&quot;:&quot;R23F07SF06SS02&quot;,&quot;id&quot;:&quot;26729&quot;,&quot;type&quot;:&quot;RAYON&quot;,&quot;picto&quot;:null,&quot;level&quot;:4,&quot;sellerId&quot;:null,&quot;slug&quot;:&quot;casques&quot;,&quot;selected&quot;:false,&quot;children&quot;:null,&quot;layers&quot;:&quot;\/navigation\/26729\/layers&quot;,&quot;link&quot;:&quot;\/r\/jardin-bricolage-auto\/auto-moto\/accessoires-moto-equipement-pilote\/casques&quot;}],&quot;layers&quot;:&quot;\/navigation\/26363\/layers&quot;,&quot;link&quot;:&quot;\/r\/jardin-bricolage-auto\/auto-moto\/accessoires-moto-equipement-pilote&quot;}],&quot;layers&quot;:&quot;\/navigation\/26143\/layers&quot;,&quot;link&quot;:&quot;\/r\/jardin-bricolage-auto\/auto-moto&quot;},{&quot;name&quot;:&quot;D\u00e9m\u00e9nagement&quot;,&quot;code&quot;:&quot;R23F08&quot;,&quot;id&quot;:&quot;26141&quot;,&quot;type&quot;:&quot;RAYON&quot;,&quot;picto&quot;:null,&quot;level&quot;:2,&quot;sellerId&quot;:null,&quot;slug&quot;:&quot;demenagement&quot;,&quot;selected&quot;:false,&quot;children&quot;:null,&quot;layers&quot;:&quot;\/navigation\/26141\/layers&quot;,&quot;link&quot;:&quot;\/r\/jardin-bricolage-auto\/demenagement&quot;}],&quot;layers&quot;:&quot;\/navigation\/26023\/layers&quot;,&quot;link&quot;:&quot;\/r\/jardin-bricolage-auto&quot;},{&quot;name&quot;:&quot;Maison et D\u00e9coration&quot;,&quot;code&quot;:&quot;R24&quot;,&quot;id&quot;:&quot;26024&quot;,&quot;type&quot;:&quot;RAYON&quot;,&quot;picto&quot;:&quot;https:\/\/media.carrefour.fr\/medias\/5c9ce6733b1b3ddebf556c5a3f727c45\/p_96x96\/26024.jpg&quot;,&quot;level&quot;:1,&quot;sellerId&quot;:null,&quot;slug&quot;:&quot;maison-decoration&quot;,&quot;selected&quot;:false,&quot;children&quot;:[{&quot;name&quot;:&quot;Linge de maison&quot;,&quot;code&quot;:&quot;R24F01&quot;,&quot;id&quot;:&quot;26145&quot;,&quot;type&quot;:&quot;RAYON&quot;,&quot;picto&quot;:null,&quot;level&quot;:2,&quot;sellerId&quot;:null,&quot;slug&quot;:&quot;linge-maison&quot;,&quot;selected&quot;:false,&quot;children&quot;:[{&quot;name&quot;:&quot;Linge de lit&quot;,&quot;code&quot;:&quot;R24F01SF01&quot;,&quot;id&quot;:&quot;26364&quot;,&quot;type&quot;:&quot;RAYON&quot;,&quot;picto&quot;:null,&quot;level&quot;:3,&quot;sellerId&quot;:null,&quot;slug&quot;:&quot;linge-lit&quot;,&quot;selected&quot;:false,&quot;children&quot;:[{&quot;name&quot;:&quot;Parures de lit&quot;,&quot;code&quot;:&quot;R24F01SF01SS01&quot;,&quot;id&quot;:&quot;26867&quot;,&quot;type&quot;:&quot;RAYON&quot;,&quot;picto&quot;:null,&quot;level&quot;:4,&quot;sellerId&quot;:null,&quot;slug&quot;:&quot;parures-de-lit&quot;,&quot;selected&quot;:false,&quot;children&quot;:null,&quot;layers&quot;:&quot;\/navigation\/26867\/layers&quot;,&quot;link&quot;:&quot;\/r\/maison-decoration\/linge-maison\/linge-lit\/parures-de-lit&quot;},{&quot;name&quot;:&quot;Draps&quot;,&quot;code&quot;:&quot;R24F01SF01SS02&quot;,&quot;id&quot;:&quot;26694&quot;,&quot;type&quot;:&quot;RAYON&quot;,&quot;picto&quot;:null,&quot;level&quot;:4,&quot;sellerId&quot;:null,&quot;slug&quot;:&quot;draps&quot;,&quot;selected&quot;:false,&quot;children&quot;:null,&quot;layers&quot;:&quot;\/navigation\/26694\/layers&quot;,&quot;link&quot;:&quot;\/r\/maison-decoration\/linge-maison\/linge-lit\/draps&quot;},{&quot;name&quot;:&quot;Couettes&quot;,&quot;code&quot;:&quot;R24F01SF01SS03&quot;,&quot;id&quot;:&quot;26695&quot;,&quot;type&quot;:&quot;RAYON&quot;,&quot;picto&quot;:null,&quot;level&quot;:4,&quot;sellerId&quot;:null,&quot;slug&quot;:&quot;couettes&quot;,&quot;selected&quot;:false,&quot;children&quot;:null,&quot;layers&quot;:&quot;\/navigation\/26695\/layers&quot;,&quot;link&quot;:&quot;\/r\/maison-decoration\/linge-maison\/linge-lit\/couettes&quot;},{&quot;name&quot;:&quot;Couvertures, Plaides et Edredons&quot;,&quot;code&quot;:&quot;R24F01SF01SS04&quot;,&quot;id&quot;:&quot;26699&quot;,&quot;type&quot;:&quot;RAYON&quot;,&quot;picto&quot;:null,&quot;level&quot;:4,&quot;sellerId&quot;:null,&quot;slug&quot;:&quot;couvertures-plaides-edredons&quot;,&quot;selected&quot;:false,&quot;children&quot;:null,&quot;layers&quot;:&quot;\/navigation\/26699\/layers&quot;,&quot;link&quot;:&quot;\/r\/maison-decoration\/linge-maison\/linge-lit\/couvertures-plaides-edredons&quot;},{&quot;name&quot;:&quot;Oreillers&quot;,&quot;code&quot;:&quot;R24F01SF01SS05&quot;,&quot;id&quot;:&quot;26696&quot;,&quot;type&quot;:&quot;RAYON&quot;,&quot;picto&quot;:null,&quot;level&quot;:4,&quot;sellerId&quot;:null,&quot;slug&quot;:&quot;oreillers&quot;,&quot;selected&quot;:false,&quot;children&quot;:null,&quot;layers&quot;:&quot;\/navigation\/26696\/layers&quot;,&quot;link&quot;:&quot;\/r\/maison-decoration\/linge-maison\/linge-lit\/oreillers&quot;},{&quot;name&quot;:&quot;Al\u00e8zes&quot;,&quot;code&quot;:&quot;R24F01SF01SS06&quot;,&quot;id&quot;:&quot;26697&quot;,&quot;type&quot;:&quot;RAYON&quot;,&quot;picto&quot;:null,&quot;level&quot;:4,&quot;sellerId&quot;:null,&quot;slug&quot;:&quot;alezes&quot;,&quot;selected&quot;:false,&quot;children&quot;:null,&quot;layers&quot;:&quot;\/navigation\/26697\/layers&quot;,&quot;link&quot;:&quot;\/r\/maison-decoration\/linge-maison\/linge-lit\/alezes&quot;}],&quot;layers&quot;:&quot;\/navigation\/26364\/layers&quot;,&quot;link&quot;:&quot;\/r\/maison-decoration\/linge-maison\/linge-lit&quot;},{&quot;name&quot;:&quot;Linge de bain&quot;,&quot;code&quot;:&quot;R24F01SF02&quot;,&quot;id&quot;:&quot;26365&quot;,&quot;type&quot;:&quot;RAYON&quot;,&quot;picto&quot;:null,&quot;level&quot;:3,&quot;sellerId&quot;:null,&quot;slug&quot;:&quot;linge-bain&quot;,&quot;selected&quot;:false,&quot;children&quot;:[{&quot;name&quot;:&quot;Serviettes de bain&quot;,&quot;code&quot;:&quot;R24F01SF02SS01&quot;,&quot;id&quot;:&quot;26701&quot;,&quot;type&quot;:&quot;RAYON&quot;,&quot;picto&quot;:null,&quot;level&quot;:4,&quot;sellerId&quot;:null,&quot;slug&quot;:&quot;serviettes-de-bain&quot;,&quot;selected&quot;:false,&quot;children&quot;:null,&quot;layers&quot;:&quot;\/navigation\/26701\/layers&quot;,&quot;link&quot;:&quot;\/r\/maison-decoration\/linge-maison\/linge-bain\/serviettes-de-bain&quot;},{&quot;name&quot;:&quot;Gants de toilette&quot;,&quot;code&quot;:&quot;R24F01SF02SS02&quot;,&quot;id&quot;:&quot;26868&quot;,&quot;type&quot;:&quot;RAYON&quot;,&quot;picto&quot;:null,&quot;level&quot;:4,&quot;sellerId&quot;:null,&quot;slug&quot;:&quot;gants-de-toilette&quot;,&quot;selected&quot;:false,&quot;children&quot;:null,&quot;layers&quot;:&quot;\/navigation\/26868\/layers&quot;,&quot;link&quot;:&quot;\/r\/maison-decoration\/linge-maison\/linge-bain\/gants-de-toilette&quot;},{&quot;name&quot;:&quot;Tapis de bain&quot;,&quot;code&quot;:&quot;R24F01SF02SS03&quot;,&quot;id&quot;:&quot;26703&quot;,&quot;type&quot;:&quot;RAYON&quot;,&quot;picto&quot;:null,&quot;level&quot;:4,&quot;sellerId&quot;:null,&quot;slug&quot;:&quot;tapis-de-bain&quot;,&quot;selected&quot;:false,&quot;children&quot;:null,&quot;layers&quot;:&quot;\/navigation\/26703\/layers&quot;,&quot;link&quot;:&quot;\/r\/maison-decoration\/linge-maison\/linge-bain\/tapis-de-bain&quot;},{&quot;name&quot;:&quot;Peignoirs&quot;,&quot;code&quot;:&quot;R24F01SF02SS04&quot;,&quot;id&quot;:&quot;26704&quot;,&quot;type&quot;:&quot;RAYON&quot;,&quot;picto&quot;:null,&quot;level&quot;:4,&quot;sellerId&quot;:null,&quot;slug&quot;:&quot;peignoirs&quot;,&quot;selected&quot;:false,&quot;children&quot;:null,&quot;layers&quot;:&quot;\/navigation\/26704\/layers&quot;,&quot;link&quot;:&quot;\/r\/maison-decoration\/linge-maison\/linge-bain\/peignoirs&quot;},{&quot;name&quot;:&quot;Rideaux de douche&quot;,&quot;code&quot;:&quot;R24F01SF02SS05&quot;,&quot;id&quot;:&quot;26872&quot;,&quot;type&quot;:&quot;RAYON&quot;,&quot;picto&quot;:null,&quot;level&quot;:4,&quot;sellerId&quot;:null,&quot;slug&quot;:&quot;rideaux-de-douche&quot;,&quot;selected&quot;:false,&quot;children&quot;:null,&quot;layers&quot;:&quot;\/navigation\/26872\/layers&quot;,&quot;link&quot;:&quot;\/r\/maison-decoration\/linge-maison\/linge-bain\/rideaux-de-douche&quot;}],&quot;layers&quot;:&quot;\/navigation\/26365\/layers&quot;,&quot;link&quot;:&quot;\/r\/maison-decoration\/linge-maison\/linge-bain&quot;},{&quot;name&quot;:&quot;Linge de table&quot;,&quot;code&quot;:&quot;R24F01SF03&quot;,&quot;id&quot;:&quot;26367&quot;,&quot;type&quot;:&quot;RAYON&quot;,&quot;picto&quot;:null,&quot;level&quot;:3,&quot;sellerId&quot;:null,&quot;slug&quot;:&quot;linge-table&quot;,&quot;selected&quot;:false,&quot;children&quot;:[{&quot;name&quot;:&quot;Nappes&quot;,&quot;code&quot;:&quot;R24F01SF03SS01&quot;,&quot;id&quot;:&quot;26718&quot;,&quot;type&quot;:&quot;RAYON&quot;,&quot;picto&quot;:null,&quot;level&quot;:4,&quot;sellerId&quot;:null,&quot;slug&quot;:&quot;nappes&quot;,&quot;selected&quot;:false,&quot;children&quot;:null,&quot;layers&quot;:&quot;\/navigation\/26718\/layers&quot;,&quot;link&quot;:&quot;\/r\/maison-decoration\/linge-maison\/linge-table\/nappes&quot;},{&quot;name&quot;:&quot;Serviettes&quot;,&quot;code&quot;:&quot;R24F01SF03SS02&quot;,&quot;id&quot;:&quot;26720&quot;,&quot;type&quot;:&quot;RAYON&quot;,&quot;picto&quot;:null,&quot;level&quot;:4,&quot;sellerId&quot;:null,&quot;slug&quot;:&quot;serviettes&quot;,&quot;selected&quot;:false,&quot;children&quot;:null,&quot;layers&quot;:&quot;\/navigation\/26720\/layers&quot;,&quot;link&quot;:&quot;\/r\/maison-decoration\/linge-maison\/linge-table\/serviettes&quot;},{&quot;name&quot;:&quot;Torchons et tabliers&quot;,&quot;code&quot;:&quot;R24F01SF03SS03&quot;,&quot;id&quot;:&quot;26722&quot;,&quot;type&quot;:&quot;RAYON&quot;,&quot;picto&quot;:null,&quot;level&quot;:4,&quot;sellerId&quot;:null,&quot;slug&quot;:&quot;torchons&quot;,&quot;selected&quot;:false,&quot;children&quot;:null,&quot;layers&quot;:&quot;\/navigation\/26722\/layers&quot;,&quot;link&quot;:&quot;\/r\/maison-decoration\/linge-maison\/linge-table\/torchons&quot;}],&quot;layers&quot;:&quot;\/navigation\/26367\/layers&quot;,&quot;link&quot;:&quot;\/r\/maison-decoration\/linge-maison\/linge-table&quot;},{&quot;name&quot;:&quot;Soin du linge&quot;,&quot;code&quot;:&quot;R24F01SF04&quot;,&quot;id&quot;:&quot;26366&quot;,&quot;type&quot;:&quot;RAYON&quot;,&quot;picto&quot;:null,&quot;level&quot;:3,&quot;sellerId&quot;:null,&quot;slug&quot;:&quot;soin-linge&quot;,&quot;selected&quot;:false,&quot;children&quot;:[{&quot;name&quot;:&quot;Tables \u00e0 repasser&quot;,&quot;code&quot;:&quot;R24F01SF04SS01&quot;,&quot;id&quot;:&quot;26706&quot;,&quot;type&quot;:&quot;RAYON&quot;,&quot;picto&quot;:null,&quot;level&quot;:4,&quot;sellerId&quot;:null,&quot;slug&quot;:&quot;tables-a-repasser&quot;,&quot;selected&quot;:false,&quot;children&quot;:null,&quot;layers&quot;:&quot;\/navigation\/26706\/layers&quot;,&quot;link&quot;:&quot;\/r\/maison-decoration\/linge-maison\/soin-linge\/tables-a-repasser&quot;},{&quot;name&quot;:&quot;S\u00e9choirs int\u00e9rieur et ext\u00e9rieur&quot;,&quot;code&quot;:&quot;R24F01SF04SS02&quot;,&quot;id&quot;:&quot;26710&quot;,&quot;type&quot;:&quot;RAYON&quot;,&quot;picto&quot;:null,&quot;level&quot;:4,&quot;sellerId&quot;:null,&quot;slug&quot;:&quot;sechoirs-interieur-exterieur&quot;,&quot;selected&quot;:false,&quot;children&quot;:null,&quot;layers&quot;:&quot;\/navigation\/26710\/layers&quot;,&quot;link&quot;:&quot;\/r\/maison-decoration\/linge-maison\/soin-linge\/sechoirs-interieur-exterieur&quot;},{&quot;name&quot;:&quot;Mercerie et Couture&quot;,&quot;code&quot;:&quot;R24F01SF04SS03&quot;,&quot;id&quot;:&quot;26708&quot;,&quot;type&quot;:&quot;RAYON&quot;,&quot;picto&quot;:null,&quot;level&quot;:4,&quot;sellerId&quot;:null,&quot;slug&quot;:&quot;mercerie-couture&quot;,&quot;selected&quot;:false,&quot;children&quot;:null,&quot;layers&quot;:&quot;\/navigation\/26708\/layers&quot;,&quot;link&quot;:&quot;\/r\/maison-decoration\/linge-maison\/soin-linge\/mercerie-couture&quot;},{&quot;name&quot;:&quot;Entretien du linge&quot;,&quot;code&quot;:&quot;R24F01SF04SS04&quot;,&quot;id&quot;:&quot;26712&quot;,&quot;type&quot;:&quot;RAYON&quot;,&quot;picto&quot;:null,&quot;level&quot;:4,&quot;sellerId&quot;:null,&quot;slug&quot;:&quot;entretien-du-linge&quot;,&quot;selected&quot;:false,&quot;children&quot;:null,&quot;layers&quot;:&quot;\/navigation\/26712\/layers&quot;,&quot;link&quot;:&quot;\/r\/maison-decoration\/linge-maison\/soin-linge\/entretien-du-linge&quot;},{&quot;name&quot;:&quot;Accessoires de blanchisserie&quot;,&quot;code&quot;:&quot;R24F01SF04SS05&quot;,&quot;id&quot;:&quot;26715&quot;,&quot;type&quot;:&quot;RAYON&quot;,&quot;picto&quot;:null,&quot;level&quot;:4,&quot;sellerId&quot;:null,&quot;slug&quot;:&quot;accessoires-de-blanchisserie&quot;,&quot;selected&quot;:false,&quot;children&quot;:null,&quot;layers&quot;:&quot;\/navigation\/26715\/layers&quot;,&quot;link&quot;:&quot;\/r\/maison-decoration\/linge-maison\/soin-linge\/accessoires-de-blanchisserie&quot;}],&quot;layers&quot;:&quot;\/navigation\/26366\/layers&quot;,&quot;link&quot;:&quot;\/r\/maison-decoration\/linge-maison\/soin-linge&quot;}],&quot;layers&quot;:&quot;\/navigation\/26145\/layers&quot;,&quot;link&quot;:&quot;\/r\/maison-decoration\/linge-maison&quot;},{&quot;name&quot;:&quot;Vaisselle et Art de la table&quot;,&quot;code&quot;:&quot;R24F02&quot;,&quot;id&quot;:&quot;26147&quot;,&quot;type&quot;:&quot;RAYON&quot;,&quot;picto&quot;:null,&quot;level&quot;:2,&quot;sellerId&quot;:null,&quot;slug&quot;:&quot;vaisselle-art-de-la-table&quot;,&quot;selected&quot;:false,&quot;children&quot;:[{&quot;name&quot;:&quot;Couverts et Vaisselle&quot;,&quot;code&quot;:&quot;R24F02SF01&quot;,&quot;id&quot;:&quot;26373&quot;,&quot;type&quot;:&quot;RAYON&quot;,&quot;picto&quot;:null,&quot;level&quot;:3,&quot;sellerId&quot;:null,&quot;slug&quot;:&quot;couverts-vaisselle&quot;,&quot;selected&quot;:false,&quot;children&quot;:[{&quot;name&quot;:&quot;Services de table et Coffrets&quot;,&quot;code&quot;:&quot;R24F02SF01SS01&quot;,&quot;id&quot;:&quot;26822&quot;,&quot;type&quot;:&quot;RAYON&quot;,&quot;picto&quot;:null,&quot;level&quot;:4,&quot;sellerId&quot;:null,&quot;slug&quot;:&quot;services-de-table-et-coffrets&quot;,&quot;selected&quot;:false,&quot;children&quot;:null,&quot;layers&quot;:&quot;\/navigation\/26822\/layers&quot;,&quot;link&quot;:&quot;\/r\/maison-decoration\/vaisselle-art-de-la-table\/couverts-vaisselle\/services-de-table-et-coffrets&quot;},{&quot;name&quot;:&quot;Couverts et M\u00e9nag\u00e8res&quot;,&quot;code&quot;:&quot;R24F02SF01SS02&quot;,&quot;id&quot;:&quot;26823&quot;,&quot;type&quot;:&quot;RAYON&quot;,&quot;picto&quot;:null,&quot;level&quot;:4,&quot;sellerId&quot;:null,&quot;slug&quot;:&quot;couverts-menageres&quot;,&quot;selected&quot;:false,&quot;children&quot;:null,&quot;layers&quot;:&quot;\/navigation\/26823\/layers&quot;,&quot;link&quot;:&quot;\/r\/maison-decoration\/vaisselle-art-de-la-table\/couverts-vaisselle\/couverts-menageres&quot;},{&quot;name&quot;:&quot;Assiettes&quot;,&quot;code&quot;:&quot;R24F02SF01SS03&quot;,&quot;id&quot;:&quot;26824&quot;,&quot;type&quot;:&quot;RAYON&quot;,&quot;picto&quot;:null,&quot;level&quot;:4,&quot;sellerId&quot;:null,&quot;slug&quot;:&quot;assiettes&quot;,&quot;selected&quot;:false,&quot;children&quot;:null,&quot;layers&quot;:&quot;\/navigation\/26824\/layers&quot;,&quot;link&quot;:&quot;\/r\/maison-decoration\/vaisselle-art-de-la-table\/couverts-vaisselle\/assiettes&quot;},{&quot;name&quot;:&quot;Tasses, Bols et Mugs&quot;,&quot;code&quot;:&quot;R24F02SF01SS04&quot;,&quot;id&quot;:&quot;26827&quot;,&quot;type&quot;:&quot;RAYON&quot;,&quot;picto&quot;:null,&quot;level&quot;:4,&quot;sellerId&quot;:null,&quot;slug&quot;:&quot;tasses-bols-mugs&quot;,&quot;selected&quot;:false,&quot;children&quot;:null,&quot;layers&quot;:&quot;\/navigation\/26827\/layers&quot;,&quot;link&quot;:&quot;\/r\/maison-decoration\/vaisselle-art-de-la-table\/couverts-vaisselle\/tasses-bols-mugs&quot;},{&quot;name&quot;:&quot;Coupes, Coupelles et Ramequins&quot;,&quot;code&quot;:&quot;R24F02SF01SS05&quot;,&quot;id&quot;:&quot;26825&quot;,&quot;type&quot;:&quot;RAYON&quot;,&quot;picto&quot;:null,&quot;level&quot;:4,&quot;sellerId&quot;:null,&quot;slug&quot;:&quot;coupes-coupelles-ramequins&quot;,&quot;selected&quot;:false,&quot;children&quot;:null,&quot;layers&quot;:&quot;\/navigation\/26825\/layers&quot;,&quot;link&quot;:&quot;\/r\/maison-decoration\/vaisselle-art-de-la-table\/couverts-vaisselle\/coupes-coupelles-ramequins&quot;},{&quot;name&quot;:&quot;Range-couverts&quot;,&quot;code&quot;:&quot;R24F02SF01SS06&quot;,&quot;id&quot;:&quot;26826&quot;,&quot;type&quot;:&quot;RAYON&quot;,&quot;picto&quot;:null,&quot;level&quot;:4,&quot;sellerId&quot;:null,&quot;slug&quot;:&quot;range-couverts&quot;,&quot;selected&quot;:false,&quot;children&quot;:null,&quot;layers&quot;:&quot;\/navigation\/26826\/layers&quot;,&quot;link&quot;:&quot;\/r\/maison-decoration\/vaisselle-art-de-la-table\/couverts-vaisselle\/range-couverts&quot;}],&quot;layers&quot;:&quot;\/navigation\/26373\/layers&quot;,&quot;link&quot;:&quot;\/r\/maison-decoration\/vaisselle-art-de-la-table\/couverts-vaisselle&quot;},{&quot;name&quot;:&quot;Verrerie&quot;,&quot;code&quot;:&quot;R24F02SF02&quot;,&quot;id&quot;:&quot;26374&quot;,&quot;type&quot;:&quot;RAYON&quot;,&quot;picto&quot;:null,&quot;level&quot;:3,&quot;sellerId&quot;:null,&quot;slug&quot;:&quot;verrerie&quot;,&quot;selected&quot;:false,&quot;children&quot;:[{&quot;name&quot;:&quot;Verres \u00e0 eau&quot;,&quot;code&quot;:&quot;R24F02SF02SS01&quot;,&quot;id&quot;:&quot;26828&quot;,&quot;type&quot;:&quot;RAYON&quot;,&quot;picto&quot;:null,&quot;level&quot;:4,&quot;sellerId&quot;:null,&quot;slug&quot;:&quot;verres-a-eau&quot;,&quot;selected&quot;:false,&quot;children&quot;:null,&quot;layers&quot;:&quot;\/navigation\/26828\/layers&quot;,&quot;link&quot;:&quot;\/r\/maison-decoration\/vaisselle-art-de-la-table\/verrerie\/verres-a-eau&quot;},{&quot;name&quot;:&quot;Verres \u00e0 vin&quot;,&quot;code&quot;:&quot;R24F02SF02SS02&quot;,&quot;id&quot;:&quot;26829&quot;,&quot;type&quot;:&quot;RAYON&quot;,&quot;picto&quot;:null,&quot;level&quot;:4,&quot;sellerId&quot;:null,&quot;slug&quot;:&quot;verres-a-vin&quot;,&quot;selected&quot;:false,&quot;children&quot;:null,&quot;layers&quot;:&quot;\/navigation\/26829\/layers&quot;,&quot;link&quot;:&quot;\/r\/maison-decoration\/vaisselle-art-de-la-table\/verrerie\/verres-a-vin&quot;},{&quot;name&quot;:&quot;Fl\u00fbtes et Verres \u00e0 cocktail&quot;,&quot;code&quot;:&quot;R24F02SF02SS03&quot;,&quot;id&quot;:&quot;26830&quot;,&quot;type&quot;:&quot;RAYON&quot;,&quot;picto&quot;:null,&quot;level&quot;:4,&quot;sellerId&quot;:null,&quot;slug&quot;:&quot;flutes&quot;,&quot;selected&quot;:false,&quot;children&quot;:null,&quot;layers&quot;:&quot;\/navigation\/26830\/layers&quot;,&quot;link&quot;:&quot;\/r\/maison-decoration\/vaisselle-art-de-la-table\/verrerie\/flutes&quot;},{&quot;name&quot;:&quot;Verrines&quot;,&quot;code&quot;:&quot;R24F02SF02SS04&quot;,&quot;id&quot;:&quot;26831&quot;,&quot;type&quot;:&quot;RAYON&quot;,&quot;picto&quot;:null,&quot;level&quot;:4,&quot;sellerId&quot;:null,&quot;slug&quot;:&quot;verrines&quot;,&quot;selected&quot;:false,&quot;children&quot;:null,&quot;layers&quot;:&quot;\/navigation\/26831\/layers&quot;,&quot;link&quot;:&quot;\/r\/maison-decoration\/vaisselle-art-de-la-table\/verrerie\/verrines&quot;},{&quot;name&quot;:&quot;Carafes, Pichets et Bouteilles&quot;,&quot;code&quot;:&quot;R24F02SF02SS05&quot;,&quot;id&quot;:&quot;26887&quot;,&quot;type&quot;:&quot;RAYON&quot;,&quot;picto&quot;:null,&quot;level&quot;:4,&quot;sellerId&quot;:null,&quot;slug&quot;:&quot;carafes-pichets-bouteilles&quot;,&quot;selected&quot;:false,&quot;children&quot;:null,&quot;layers&quot;:&quot;\/navigation\/26887\/layers&quot;,&quot;link&quot;:&quot;\/r\/maison-decoration\/vaisselle-art-de-la-table\/verrerie\/carafes-pichets-bouteilles&quot;}],&quot;layers&quot;:&quot;\/navigation\/26374\/layers&quot;,&quot;link&quot;:&quot;\/r\/maison-decoration\/vaisselle-art-de-la-table\/verrerie&quot;},{&quot;name&quot;:&quot;Accessoires \u00e0 vin&quot;,&quot;code&quot;:&quot;R24F02SF03&quot;,&quot;id&quot;:&quot;26375&quot;,&quot;type&quot;:&quot;RAYON&quot;,&quot;picto&quot;:null,&quot;level&quot;:3,&quot;sellerId&quot;:null,&quot;slug&quot;:&quot;accessoires-vin&quot;,&quot;selected&quot;:false,&quot;children&quot;:[{&quot;name&quot;:&quot;Carafes \u00e0 d\u00e9canter&quot;,&quot;code&quot;:&quot;R24F02SF03SS01&quot;,&quot;id&quot;:&quot;26832&quot;,&quot;type&quot;:&quot;RAYON&quot;,&quot;picto&quot;:null,&quot;level&quot;:4,&quot;sellerId&quot;:null,&quot;slug&quot;:&quot;carafes-a-decanter&quot;,&quot;selected&quot;:false,&quot;children&quot;:null,&quot;layers&quot;:&quot;\/navigation\/26832\/layers&quot;,&quot;link&quot;:&quot;\/r\/maison-decoration\/vaisselle-art-de-la-table\/accessoires-vin\/carafes-a-decanter&quot;},{&quot;name&quot;:&quot;Tire-bouchons et Seaux \u00e0 champagne &quot;,&quot;code&quot;:&quot;R24F02SF03SS03&quot;,&quot;id&quot;:&quot;26834&quot;,&quot;type&quot;:&quot;RAYON&quot;,&quot;picto&quot;:null,&quot;level&quot;:4,&quot;sellerId&quot;:null,&quot;slug&quot;:&quot;tire-bouchons-et-seaux-a-champagne-&quot;,&quot;selected&quot;:false,&quot;children&quot;:null,&quot;layers&quot;:&quot;\/navigation\/26834\/layers&quot;,&quot;link&quot;:&quot;\/r\/maison-decoration\/vaisselle-art-de-la-table\/accessoires-vin\/tire-bouchons-et-seaux-a-champagne-&quot;}],&quot;layers&quot;:&quot;\/navigation\/26375\/layers&quot;,&quot;link&quot;:&quot;\/r\/maison-decoration\/vaisselle-art-de-la-table\/accessoires-vin&quot;},{&quot;name&quot;:&quot;Saladiers et Plats de services&quot;,&quot;code&quot;:&quot;R24F02SF04&quot;,&quot;id&quot;:&quot;26376&quot;,&quot;type&quot;:&quot;RAYON&quot;,&quot;picto&quot;:null,&quot;level&quot;:3,&quot;sellerId&quot;:null,&quot;slug&quot;:&quot;saladiers-plats-services&quot;,&quot;selected&quot;:false,&quot;children&quot;:null,&quot;layers&quot;:&quot;\/navigation\/26376\/layers&quot;,&quot;link&quot;:&quot;\/r\/maison-decoration\/vaisselle-art-de-la-table\/saladiers-plats-services&quot;},{&quot;name&quot;:&quot;Plateaux, Dessous de plats et de verre&quot;,&quot;code&quot;:&quot;R24F02SF05&quot;,&quot;id&quot;:&quot;26377&quot;,&quot;type&quot;:&quot;RAYON&quot;,&quot;picto&quot;:null,&quot;level&quot;:3,&quot;sellerId&quot;:null,&quot;slug&quot;:&quot;plateaux-dessous-plats-verre&quot;,&quot;selected&quot;:false,&quot;children&quot;:null,&quot;layers&quot;:&quot;\/navigation\/26377\/layers&quot;,&quot;link&quot;:&quot;\/r\/maison-decoration\/vaisselle-art-de-la-table\/plateaux-dessous-plats-verre&quot;},{&quot;name&quot;:&quot;Plats et Cloches \u00e0 fromage&quot;,&quot;code&quot;:&quot;R24F02SF06&quot;,&quot;id&quot;:&quot;26379&quot;,&quot;type&quot;:&quot;RAYON&quot;,&quot;picto&quot;:null,&quot;level&quot;:3,&quot;sellerId&quot;:null,&quot;slug&quot;:&quot;plats-cloches-a-fromage&quot;,&quot;selected&quot;:false,&quot;children&quot;:null,&quot;layers&quot;:&quot;\/navigation\/26379\/layers&quot;,&quot;link&quot;:&quot;\/r\/maison-decoration\/vaisselle-art-de-la-table\/plats-cloches-a-fromage&quot;},{&quot;name&quot;:&quot;Corbeilles \u00e0 pain&quot;,&quot;code&quot;:&quot;R24F02SF07&quot;,&quot;id&quot;:&quot;26380&quot;,&quot;type&quot;:&quot;RAYON&quot;,&quot;picto&quot;:null,&quot;level&quot;:3,&quot;sellerId&quot;:null,&quot;slug&quot;:&quot;corbeilles-a-pain&quot;,&quot;selected&quot;:false,&quot;children&quot;:null,&quot;layers&quot;:&quot;\/navigation\/26380\/layers&quot;,&quot;link&quot;:&quot;\/r\/maison-decoration\/vaisselle-art-de-la-table\/corbeilles-a-pain&quot;},{&quot;name&quot;:&quot;Pour les \u00e9pices et assaisonnements&quot;,&quot;code&quot;:&quot;R24F02SF08&quot;,&quot;id&quot;:&quot;26381&quot;,&quot;type&quot;:&quot;RAYON&quot;,&quot;picto&quot;:null,&quot;level&quot;:3,&quot;sellerId&quot;:null,&quot;slug&quot;:&quot;pour-epices-assaisonnements&quot;,&quot;selected&quot;:false,&quot;children&quot;:null,&quot;layers&quot;:&quot;\/navigation\/26381\/layers&quot;,&quot;link&quot;:&quot;\/r\/maison-decoration\/vaisselle-art-de-la-table\/pour-epices-assaisonnements&quot;},{&quot;name&quot;:&quot;Vaisselles et D\u00e9corations \u00e0 emporter&quot;,&quot;code&quot;:&quot;R24F02SF09&quot;,&quot;id&quot;:&quot;26382&quot;,&quot;type&quot;:&quot;RAYON&quot;,&quot;picto&quot;:null,&quot;level&quot;:3,&quot;sellerId&quot;:null,&quot;slug&quot;:&quot;vaisselles-decorations-a-emporter&quot;,&quot;selected&quot;:false,&quot;children&quot;:[{&quot;name&quot;:&quot;Couverts et Vaisselles&quot;,&quot;code&quot;:&quot;R24F02SF09SS01&quot;,&quot;id&quot;:&quot;29002&quot;,&quot;type&quot;:&quot;RAYON&quot;,&quot;picto&quot;:null,&quot;level&quot;:4,&quot;sellerId&quot;:null,&quot;slug&quot;:&quot;vaisselles&quot;,&quot;selected&quot;:false,&quot;children&quot;:null,&quot;layers&quot;:&quot;\/navigation\/29002\/layers&quot;,&quot;link&quot;:&quot;\/r\/maison-decoration\/vaisselle-art-de-la-table\/vaisselles-decorations-a-emporter\/vaisselles&quot;},{&quot;name&quot;:&quot;Gobelets et verres \u00e0 emporter&quot;,&quot;code&quot;:&quot;R24F02SF09SS02&quot;,&quot;id&quot;:&quot;29003&quot;,&quot;type&quot;:&quot;RAYON&quot;,&quot;picto&quot;:null,&quot;level&quot;:4,&quot;sellerId&quot;:null,&quot;slug&quot;:&quot;gobelets-verres-emporter&quot;,&quot;selected&quot;:false,&quot;children&quot;:null,&quot;layers&quot;:&quot;\/navigation\/29003\/layers&quot;,&quot;link&quot;:&quot;\/r\/maison-decoration\/vaisselle-art-de-la-table\/vaisselles-decorations-a-emporter\/gobelets-verres-emporter&quot;},{&quot;name&quot;:&quot;Plateaux et Dessous de Plats&quot;,&quot;code&quot;:&quot;R24F02SF09SS03&quot;,&quot;id&quot;:&quot;29005&quot;,&quot;type&quot;:&quot;RAYON&quot;,&quot;picto&quot;:null,&quot;level&quot;:4,&quot;sellerId&quot;:null,&quot;slug&quot;:&quot;plateaux-dessous-plats&quot;,&quot;selected&quot;:false,&quot;children&quot;:null,&quot;layers&quot;:&quot;\/navigation\/29005\/layers&quot;,&quot;link&quot;:&quot;\/r\/maison-decoration\/vaisselle-art-de-la-table\/vaisselles-decorations-a-emporter\/plateaux-dessous-plats&quot;},{&quot;name&quot;:&quot;D\u00e9corations&quot;,&quot;code&quot;:&quot;R24F02SF09SS04&quot;,&quot;id&quot;:&quot;29004&quot;,&quot;type&quot;:&quot;RAYON&quot;,&quot;picto&quot;:null,&quot;level&quot;:4,&quot;sellerId&quot;:null,&quot;slug&quot;:&quot;decorations&quot;,&quot;selected&quot;:false,&quot;children&quot;:null,&quot;layers&quot;:&quot;\/navigation\/29004\/layers&quot;,&quot;link&quot;:&quot;\/r\/maison-decoration\/vaisselle-art-de-la-table\/vaisselles-decorations-a-emporter\/decorations&quot;},{&quot;name&quot;:&quot;Accessoires&quot;,&quot;code&quot;:&quot;R24F02SF09SS05&quot;,&quot;id&quot;:&quot;29006&quot;,&quot;type&quot;:&quot;RAYON&quot;,&quot;picto&quot;:null,&quot;level&quot;:4,&quot;sellerId&quot;:null,&quot;slug&quot;:&quot;accessoires&quot;,&quot;selected&quot;:false,&quot;children&quot;:null,&quot;layers&quot;:&quot;\/navigation\/29006\/layers&quot;,&quot;link&quot;:&quot;\/r\/maison-decoration\/vaisselle-art-de-la-table\/vaisselles-decorations-a-emporter\/accessoires&quot;}],&quot;layers&quot;:&quot;\/navigation\/26382\/layers&quot;,&quot;link&quot;:&quot;\/r\/maison-decoration\/vaisselle-art-de-la-table\/vaisselles-decorations-a-emporter&quot;}],&quot;layers&quot;:&quot;\/navigation\/26147\/layers&quot;,&quot;link&quot;:&quot;\/r\/maison-decoration\/vaisselle-art-de-la-table&quot;},{&quot;name&quot;:&quot;Cuisine&quot;,&quot;code&quot;:&quot;R24F03&quot;,&quot;id&quot;:&quot;26146&quot;,&quot;type&quot;:&quot;RAYON&quot;,&quot;picto&quot;:null,&quot;level&quot;:2,&quot;sellerId&quot;:null,&quot;slug&quot;:&quot;cuisine&quot;,&quot;selected&quot;:false,&quot;children&quot;:[{&quot;name&quot;:&quot;Cuisson et Pr\u00e9paration culinaire&quot;,&quot;code&quot;:&quot;R24F03SF01&quot;,&quot;id&quot;:&quot;26369&quot;,&quot;type&quot;:&quot;RAYON&quot;,&quot;picto&quot;:null,&quot;level&quot;:3,&quot;sellerId&quot;:null,&quot;slug&quot;:&quot;cuisson-preparation-culinaire&quot;,&quot;selected&quot;:false,&quot;children&quot;:[{&quot;name&quot;:&quot;Batteries de cuisine&quot;,&quot;code&quot;:&quot;R24F03SF01SS01&quot;,&quot;id&quot;:&quot;26769&quot;,&quot;type&quot;:&quot;RAYON&quot;,&quot;picto&quot;:null,&quot;level&quot;:4,&quot;sellerId&quot;:null,&quot;slug&quot;:&quot;batteries-de-cuisine&quot;,&quot;selected&quot;:false,&quot;children&quot;:null,&quot;layers&quot;:&quot;\/navigation\/26769\/layers&quot;,&quot;link&quot;:&quot;\/r\/maison-decoration\/cuisine\/cuisson-preparation-culinaire\/batteries-de-cuisine&quot;},{&quot;name&quot;:&quot;Casseroles&quot;,&quot;code&quot;:&quot;R24F03SF01SS02&quot;,&quot;id&quot;:&quot;26770&quot;,&quot;type&quot;:&quot;RAYON&quot;,&quot;picto&quot;:null,&quot;level&quot;:4,&quot;sellerId&quot;:null,&quot;slug&quot;:&quot;casseroles&quot;,&quot;selected&quot;:false,&quot;children&quot;:null,&quot;layers&quot;:&quot;\/navigation\/26770\/layers&quot;,&quot;link&quot;:&quot;\/r\/maison-decoration\/cuisine\/cuisson-preparation-culinaire\/casseroles&quot;},{&quot;name&quot;:&quot;Po\u00eales&quot;,&quot;code&quot;:&quot;R24F03SF01SS03&quot;,&quot;id&quot;:&quot;26771&quot;,&quot;type&quot;:&quot;RAYON&quot;,&quot;picto&quot;:null,&quot;level&quot;:4,&quot;sellerId&quot;:null,&quot;slug&quot;:&quot;poeles&quot;,&quot;selected&quot;:false,&quot;children&quot;:null,&quot;layers&quot;:&quot;\/navigation\/26771\/layers&quot;,&quot;link&quot;:&quot;\/r\/maison-decoration\/cuisine\/cuisson-preparation-culinaire\/poeles&quot;},{&quot;name&quot;:&quot;Sauteuses&quot;,&quot;code&quot;:&quot;R24F03SF01SS04&quot;,&quot;id&quot;:&quot;26772&quot;,&quot;type&quot;:&quot;RAYON&quot;,&quot;picto&quot;:null,&quot;level&quot;:4,&quot;sellerId&quot;:null,&quot;slug&quot;:&quot;sauteuses&quot;,&quot;selected&quot;:false,&quot;children&quot;:null,&quot;layers&quot;:&quot;\/navigation\/26772\/layers&quot;,&quot;link&quot;:&quot;\/r\/maison-decoration\/cuisine\/cuisson-preparation-culinaire\/sauteuses&quot;},{&quot;name&quot;:&quot;Cocottes et Cocottes en fonte&quot;,&quot;code&quot;:&quot;R24F03SF01SS05&quot;,&quot;id&quot;:&quot;26773&quot;,&quot;type&quot;:&quot;RAYON&quot;,&quot;picto&quot;:null,&quot;level&quot;:4,&quot;sellerId&quot;:null,&quot;slug&quot;:&quot;cocottes&quot;,&quot;selected&quot;:false,&quot;children&quot;:null,&quot;layers&quot;:&quot;\/navigation\/26773\/layers&quot;,&quot;link&quot;:&quot;\/r\/maison-decoration\/cuisine\/cuisson-preparation-culinaire\/cocottes&quot;},{&quot;name&quot;:&quot;Autocuiseurs et Cocotte minute&quot;,&quot;code&quot;:&quot;R24F03SF01SS06&quot;,&quot;id&quot;:&quot;26774&quot;,&quot;type&quot;:&quot;RAYON&quot;,&quot;picto&quot;:null,&quot;level&quot;:4,&quot;sellerId&quot;:null,&quot;slug&quot;:&quot;autocuiseurs-cocotte-minute&quot;,&quot;selected&quot;:false,&quot;children&quot;:null,&quot;layers&quot;:&quot;\/navigation\/26774\/layers&quot;,&quot;link&quot;:&quot;\/r\/maison-decoration\/cuisine\/cuisson-preparation-culinaire\/autocuiseurs-cocotte-minute&quot;},{&quot;name&quot;:&quot;Marmites&quot;,&quot;code&quot;:&quot;R24F03SF01SS07&quot;,&quot;id&quot;:&quot;26775&quot;,&quot;type&quot;:&quot;RAYON&quot;,&quot;picto&quot;:null,&quot;level&quot;:4,&quot;sellerId&quot;:null,&quot;slug&quot;:&quot;marmites&quot;,&quot;selected&quot;:false,&quot;children&quot;:null,&quot;layers&quot;:&quot;\/navigation\/26775\/layers&quot;,&quot;link&quot;:&quot;\/r\/maison-decoration\/cuisine\/cuisson-preparation-culinaire\/marmites&quot;},{&quot;name&quot;:&quot;Wok et Couscoussier&quot;,&quot;code&quot;:&quot;R24F03SF01SS08&quot;,&quot;id&quot;:&quot;26778&quot;,&quot;type&quot;:&quot;RAYON&quot;,&quot;picto&quot;:null,&quot;level&quot;:4,&quot;sellerId&quot;:null,&quot;slug&quot;:&quot;wok-couscoussier&quot;,&quot;selected&quot;:false,&quot;children&quot;:null,&quot;layers&quot;:&quot;\/navigation\/26778\/layers&quot;,&quot;link&quot;:&quot;\/r\/maison-decoration\/cuisine\/cuisson-preparation-culinaire\/wok-couscoussier&quot;},{&quot;name&quot;:&quot;Plats \u00e0 four&quot;,&quot;code&quot;:&quot;R24F03SF01SS09&quot;,&quot;id&quot;:&quot;26779&quot;,&quot;type&quot;:&quot;RAYON&quot;,&quot;picto&quot;:null,&quot;level&quot;:4,&quot;sellerId&quot;:null,&quot;slug&quot;:&quot;plats-a-four&quot;,&quot;selected&quot;:false,&quot;children&quot;:null,&quot;layers&quot;:&quot;\/navigation\/26779\/layers&quot;,&quot;link&quot;:&quot;\/r\/maison-decoration\/cuisine\/cuisson-preparation-culinaire\/plats-a-four&quot;},{&quot;name&quot;:&quot;Couvercles et Accessoires&quot;,&quot;code&quot;:&quot;R24F03SF01SS10&quot;,&quot;id&quot;:&quot;26776&quot;,&quot;type&quot;:&quot;RAYON&quot;,&quot;picto&quot;:null,&quot;level&quot;:4,&quot;sellerId&quot;:null,&quot;slug&quot;:&quot;couvercles-accessoires&quot;,&quot;selected&quot;:false,&quot;children&quot;:null,&quot;layers&quot;:&quot;\/navigation\/26776\/layers&quot;,&quot;link&quot;:&quot;\/r\/maison-decoration\/cuisine\/cuisson-preparation-culinaire\/couvercles-accessoires&quot;},{&quot;name&quot;:&quot;Accessoires et Joints&quot;,&quot;code&quot;:&quot;R24F03SF01SS11&quot;,&quot;id&quot;:&quot;26781&quot;,&quot;type&quot;:&quot;RAYON&quot;,&quot;picto&quot;:null,&quot;level&quot;:4,&quot;sellerId&quot;:null,&quot;slug&quot;:&quot;accessoires-joints&quot;,&quot;selected&quot;:false,&quot;children&quot;:null,&quot;layers&quot;:&quot;\/navigation\/26781\/layers&quot;,&quot;link&quot;:&quot;\/r\/maison-decoration\/cuisine\/cuisson-preparation-culinaire\/accessoires-joints&quot;}],&quot;layers&quot;:&quot;\/navigation\/26369\/layers&quot;,&quot;link&quot;:&quot;\/r\/maison-decoration\/cuisine\/cuisson-preparation-culinaire&quot;},{&quot;name&quot;:&quot;Outils de d\u00e9coupe&quot;,&quot;code&quot;:&quot;R24F03SF02&quot;,&quot;id&quot;:&quot;26370&quot;,&quot;type&quot;:&quot;RAYON&quot;,&quot;picto&quot;:null,&quot;level&quot;:3,&quot;sellerId&quot;:null,&quot;slug&quot;:&quot;outils-decoupe&quot;,&quot;selected&quot;:false,&quot;children&quot;:[{&quot;name&quot;:&quot;Couteaux de cuisine&quot;,&quot;code&quot;:&quot;R24F03SF02SS01&quot;,&quot;id&quot;:&quot;26791&quot;,&quot;type&quot;:&quot;RAYON&quot;,&quot;picto&quot;:null,&quot;level&quot;:4,&quot;sellerId&quot;:null,&quot;slug&quot;:&quot;couteaux-de-cuisine&quot;,&quot;selected&quot;:false,&quot;children&quot;:null,&quot;layers&quot;:&quot;\/navigation\/26791\/layers&quot;,&quot;link&quot;:&quot;\/r\/maison-decoration\/cuisine\/outils-decoupe\/couteaux-de-cuisine&quot;},{&quot;name&quot;:&quot;Blocs de couteaux&quot;,&quot;code&quot;:&quot;R24F03SF02SS02&quot;,&quot;id&quot;:&quot;26792&quot;,&quot;type&quot;:&quot;RAYON&quot;,&quot;picto&quot;:null,&quot;level&quot;:4,&quot;sellerId&quot;:null,&quot;slug&quot;:&quot;blocs-de-couteaux&quot;,&quot;selected&quot;:false,&quot;children&quot;:null,&quot;layers&quot;:&quot;\/navigation\/26792\/layers&quot;,&quot;link&quot;:&quot;\/r\/maison-decoration\/cuisine\/outils-decoupe\/blocs-de-couteaux&quot;},{&quot;name&quot;:&quot;Planches \u00e0 d\u00e9couper&quot;,&quot;code&quot;:&quot;R24F03SF02SS03&quot;,&quot;id&quot;:&quot;26806&quot;,&quot;type&quot;:&quot;RAYON&quot;,&quot;picto&quot;:null,&quot;level&quot;:4,&quot;sellerId&quot;:null,&quot;slug&quot;:&quot;planches-a-decouper&quot;,&quot;selected&quot;:false,&quot;children&quot;:null,&quot;layers&quot;:&quot;\/navigation\/26806\/layers&quot;,&quot;link&quot;:&quot;\/r\/maison-decoration\/cuisine\/outils-decoupe\/planches-a-decouper&quot;},{&quot;name&quot;:&quot;Ciseaux, Trancheuses et Couteaux \u00e9lectriques&quot;,&quot;code&quot;:&quot;R24F03SF02SS04&quot;,&quot;id&quot;:&quot;26807&quot;,&quot;type&quot;:&quot;RAYON&quot;,&quot;picto&quot;:null,&quot;level&quot;:4,&quot;sellerId&quot;:null,&quot;slug&quot;:&quot;ciseaux-trancheuses-coutraux-electriques&quot;,&quot;selected&quot;:false,&quot;children&quot;:null,&quot;layers&quot;:&quot;\/navigation\/26807\/layers&quot;,&quot;link&quot;:&quot;\/r\/maison-decoration\/cuisine\/outils-decoupe\/ciseaux-trancheuses-coutraux-electriques&quot;},{&quot;name&quot;:&quot;R\u00e2pes, Mandolines et Hachoirs&quot;,&quot;code&quot;:&quot;R24F03SF02SS05&quot;,&quot;id&quot;:&quot;26808&quot;,&quot;type&quot;:&quot;RAYON&quot;,&quot;picto&quot;:null,&quot;level&quot;:4,&quot;sellerId&quot;:null,&quot;slug&quot;:&quot;rapes-mandolines-hachoirs&quot;,&quot;selected&quot;:false,&quot;children&quot;:null,&quot;layers&quot;:&quot;\/navigation\/26808\/layers&quot;,&quot;link&quot;:&quot;\/r\/maison-decoration\/cuisine\/outils-decoupe\/rapes-mandolines-hachoirs&quot;},{&quot;name&quot;:&quot;Aiguiseurs et Fusils&quot;,&quot;code&quot;:&quot;R24F03SF02SS06&quot;,&quot;id&quot;:&quot;26790&quot;,&quot;type&quot;:&quot;RAYON&quot;,&quot;picto&quot;:null,&quot;level&quot;:4,&quot;sellerId&quot;:null,&quot;slug&quot;:&quot;aiguiseurs-fusils&quot;,&quot;selected&quot;:false,&quot;children&quot;:null,&quot;layers&quot;:&quot;\/navigation\/26790\/layers&quot;,&quot;link&quot;:&quot;\/r\/maison-decoration\/cuisine\/outils-decoupe\/aiguiseurs-fusils&quot;},{&quot;name&quot;:&quot;Economes&quot;,&quot;code&quot;:&quot;R24F03SF02SS07&quot;,&quot;id&quot;:&quot;26788&quot;,&quot;type&quot;:&quot;RAYON&quot;,&quot;picto&quot;:null,&quot;level&quot;:4,&quot;sellerId&quot;:null,&quot;slug&quot;:&quot;economes&quot;,&quot;selected&quot;:false,&quot;children&quot;:null,&quot;layers&quot;:&quot;\/navigation\/26788\/layers&quot;,&quot;link&quot;:&quot;\/r\/maison-decoration\/cuisine\/outils-decoupe\/economes&quot;}],&quot;layers&quot;:&quot;\/navigation\/26370\/layers&quot;,&quot;link&quot;:&quot;\/r\/maison-decoration\/cuisine\/outils-decoupe&quot;},{&quot;name&quot;:&quot;Ustensiles de cuisine&quot;,&quot;code&quot;:&quot;R24F03SF03&quot;,&quot;id&quot;:&quot;26371&quot;,&quot;type&quot;:&quot;RAYON&quot;,&quot;picto&quot;:null,&quot;level&quot;:3,&quot;sellerId&quot;:null,&quot;slug&quot;:&quot;ustensiles-cuisine&quot;,&quot;selected&quot;:false,&quot;children&quot;:[{&quot;name&quot;:&quot;Fouets, Spatules et Cuill\u00e8res&quot;,&quot;code&quot;:&quot;R24F03SF03SS01&quot;,&quot;id&quot;:&quot;26809&quot;,&quot;type&quot;:&quot;RAYON&quot;,&quot;picto&quot;:null,&quot;level&quot;:4,&quot;sellerId&quot;:null,&quot;slug&quot;:&quot;fouets-spatules-cuilleres&quot;,&quot;selected&quot;:false,&quot;children&quot;:null,&quot;layers&quot;:&quot;\/navigation\/26809\/layers&quot;,&quot;link&quot;:&quot;\/r\/maison-decoration\/cuisine\/ustensiles-cuisine\/fouets-spatules-cuilleres&quot;},{&quot;name&quot;:&quot;Egoutter et S\u00e9cher&quot;,&quot;code&quot;:&quot;R24F03SF03SS02&quot;,&quot;id&quot;:&quot;26811&quot;,&quot;type&quot;:&quot;RAYON&quot;,&quot;picto&quot;:null,&quot;level&quot;:4,&quot;sellerId&quot;:null,&quot;slug&quot;:&quot;egoutter-secher&quot;,&quot;selected&quot;:false,&quot;children&quot;:null,&quot;layers&quot;:&quot;\/navigation\/26811\/layers&quot;,&quot;link&quot;:&quot;\/r\/maison-decoration\/cuisine\/ustensiles-cuisine\/egoutter-secher&quot;},{&quot;name&quot;:&quot;Ouvre-bo\u00eetes, Tire-bouchons et D\u00e9capsuleurs&quot;,&quot;code&quot;:&quot;R24F03SF03SS03&quot;,&quot;id&quot;:&quot;26812&quot;,&quot;type&quot;:&quot;RAYON&quot;,&quot;picto&quot;:null,&quot;level&quot;:4,&quot;sellerId&quot;:null,&quot;slug&quot;:&quot;ouvre-boites-tire-bouchons-et-decapsuleurs&quot;,&quot;selected&quot;:false,&quot;children&quot;:null,&quot;layers&quot;:&quot;\/navigation\/26812\/layers&quot;,&quot;link&quot;:&quot;\/r\/maison-decoration\/cuisine\/ustensiles-cuisine\/ouvre-boites-tire-bouchons-et-decapsuleurs&quot;},{&quot;name&quot;:&quot;Pinces et Casse-noix&quot;,&quot;code&quot;:&quot;R24F03SF03SS04&quot;,&quot;id&quot;:&quot;26813&quot;,&quot;type&quot;:&quot;RAYON&quot;,&quot;picto&quot;:null,&quot;level&quot;:4,&quot;sellerId&quot;:null,&quot;slug&quot;:&quot;pinces-et-casse-noix&quot;,&quot;selected&quot;:false,&quot;children&quot;:null,&quot;layers&quot;:&quot;\/navigation\/26813\/layers&quot;,&quot;link&quot;:&quot;\/r\/maison-decoration\/cuisine\/ustensiles-cuisine\/pinces-et-casse-noix&quot;},{&quot;name&quot;:&quot;Bols de cuisine&quot;,&quot;code&quot;:&quot;R24F03SF03SS05&quot;,&quot;id&quot;:&quot;26815&quot;,&quot;type&quot;:&quot;RAYON&quot;,&quot;picto&quot;:null,&quot;level&quot;:4,&quot;sellerId&quot;:null,&quot;slug&quot;:&quot;bols-de-cuisine&quot;,&quot;selected&quot;:false,&quot;children&quot;:null,&quot;layers&quot;:&quot;\/navigation\/26815\/layers&quot;,&quot;link&quot;:&quot;\/r\/maison-decoration\/cuisine\/ustensiles-cuisine\/bols-de-cuisine&quot;},{&quot;name&quot;:&quot;Balances de cuisine et Ustensiles de mesure&quot;,&quot;code&quot;:&quot;R24F03SF03SS06&quot;,&quot;id&quot;:&quot;26810&quot;,&quot;type&quot;:&quot;RAYON&quot;,&quot;picto&quot;:null,&quot;level&quot;:4,&quot;sellerId&quot;:null,&quot;slug&quot;:&quot;balance-de-cuisine&quot;,&quot;selected&quot;:false,&quot;children&quot;:null,&quot;layers&quot;:&quot;\/navigation\/26810\/layers&quot;,&quot;link&quot;:&quot;\/r\/maison-decoration\/cuisine\/ustensiles-cuisine\/balance-de-cuisine&quot;},{&quot;name&quot;:&quot;Gants de cuisine&quot;,&quot;code&quot;:&quot;R24F03SF03SS07&quot;,&quot;id&quot;:&quot;26816&quot;,&quot;type&quot;:&quot;RAYON&quot;,&quot;picto&quot;:null,&quot;level&quot;:4,&quot;sellerId&quot;:null,&quot;slug&quot;:&quot;gants-de-cuisine&quot;,&quot;selected&quot;:false,&quot;children&quot;:null,&quot;layers&quot;:&quot;\/navigation\/26816\/layers&quot;,&quot;link&quot;:&quot;\/r\/maison-decoration\/cuisine\/ustensiles-cuisine\/gants-de-cuisine&quot;},{&quot;name&quot;:&quot;Machines \u00e0 pates&quot;,&quot;code&quot;:&quot;R24F03SF03SS08&quot;,&quot;id&quot;:&quot;26814&quot;,&quot;type&quot;:&quot;RAYON&quot;,&quot;picto&quot;:null,&quot;level&quot;:4,&quot;sellerId&quot;:null,&quot;slug&quot;:&quot;machines-a-pates&quot;,&quot;selected&quot;:false,&quot;children&quot;:null,&quot;layers&quot;:&quot;\/navigation\/26814\/layers&quot;,&quot;link&quot;:&quot;\/r\/maison-decoration\/cuisine\/ustensiles-cuisine\/machines-a-pates&quot;},{&quot;name&quot;:&quot;Autres accessoires&quot;,&quot;code&quot;:&quot;R24F03SF03SS09&quot;,&quot;id&quot;:&quot;26904&quot;,&quot;type&quot;:&quot;RAYON&quot;,&quot;picto&quot;:null,&quot;level&quot;:4,&quot;sellerId&quot;:null,&quot;slug&quot;:&quot;autres-accessoires&quot;,&quot;selected&quot;:false,&quot;children&quot;:null,&quot;layers&quot;:&quot;\/navigation\/26904\/layers&quot;,&quot;link&quot;:&quot;\/r\/maison-decoration\/cuisine\/ustensiles-cuisine\/autres-accessoires&quot;}],&quot;layers&quot;:&quot;\/navigation\/26371\/layers&quot;,&quot;link&quot;:&quot;\/r\/maison-decoration\/cuisine\/ustensiles-cuisine&quot;},{&quot;name&quot;:&quot;Emballages et Conservations&quot;,&quot;code&quot;:&quot;R24F03SF04&quot;,&quot;id&quot;:&quot;26372&quot;,&quot;type&quot;:&quot;RAYON&quot;,&quot;picto&quot;:null,&quot;level&quot;:3,&quot;sellerId&quot;:null,&quot;slug&quot;:&quot;emballages-conservations&quot;,&quot;selected&quot;:false,&quot;children&quot;:[{&quot;name&quot;:&quot;Papiers cuissons et Emballages&quot;,&quot;code&quot;:&quot;R24F03SF04SS01&quot;,&quot;id&quot;:&quot;26817&quot;,&quot;type&quot;:&quot;RAYON&quot;,&quot;picto&quot;:null,&quot;level&quot;:4,&quot;sellerId&quot;:null,&quot;slug&quot;:&quot;papiers-cuissons-et-emballages&quot;,&quot;selected&quot;:false,&quot;children&quot;:null,&quot;layers&quot;:&quot;\/navigation\/26817\/layers&quot;,&quot;link&quot;:&quot;\/r\/maison-decoration\/cuisine\/emballages-conservations\/papiers-cuissons-et-emballages&quot;},{&quot;name&quot;:&quot;Papiers et Barquettes aluminium&quot;,&quot;code&quot;:&quot;R24F03SF04SS02&quot;,&quot;id&quot;:&quot;26818&quot;,&quot;type&quot;:&quot;RAYON&quot;,&quot;picto&quot;:null,&quot;level&quot;:4,&quot;sellerId&quot;:null,&quot;slug&quot;:&quot;papiers-et-barquettes-aluminium&quot;,&quot;selected&quot;:false,&quot;children&quot;:null,&quot;layers&quot;:&quot;\/navigation\/26818\/layers&quot;,&quot;link&quot;:&quot;\/r\/maison-decoration\/cuisine\/emballages-conservations\/papiers-et-barquettes-aluminium&quot;},{&quot;name&quot;:&quot;Bo\u00eetes de conservation&quot;,&quot;code&quot;:&quot;R24F03SF04SS03&quot;,&quot;id&quot;:&quot;26819&quot;,&quot;type&quot;:&quot;RAYON&quot;,&quot;picto&quot;:null,&quot;level&quot;:4,&quot;sellerId&quot;:null,&quot;slug&quot;:&quot;boites-de-conservation&quot;,&quot;selected&quot;:false,&quot;children&quot;:null,&quot;layers&quot;:&quot;\/navigation\/26819\/layers&quot;,&quot;link&quot;:&quot;\/r\/maison-decoration\/cuisine\/emballages-conservations\/boites-de-conservation&quot;},{&quot;name&quot;:&quot;Bocaux&quot;,&quot;code&quot;:&quot;R24F03SF04SS04&quot;,&quot;id&quot;:&quot;26820&quot;,&quot;type&quot;:&quot;RAYON&quot;,&quot;picto&quot;:null,&quot;level&quot;:4,&quot;sellerId&quot;:null,&quot;slug&quot;:&quot;bocaux&quot;,&quot;selected&quot;:false,&quot;children&quot;:null,&quot;layers&quot;:&quot;\/navigation\/26820\/layers&quot;,&quot;link&quot;:&quot;\/r\/maison-decoration\/cuisine\/emballages-conservations\/bocaux&quot;},{&quot;name&quot;:&quot;Lunch box&quot;,&quot;code&quot;:&quot;R24F03SF04SS05&quot;,&quot;id&quot;:&quot;26821&quot;,&quot;type&quot;:&quot;RAYON&quot;,&quot;picto&quot;:null,&quot;level&quot;:4,&quot;sellerId&quot;:null,&quot;slug&quot;:&quot;lunch-box&quot;,&quot;selected&quot;:false,&quot;children&quot;:null,&quot;layers&quot;:&quot;\/navigation\/26821\/layers&quot;,&quot;link&quot;:&quot;\/r\/maison-decoration\/cuisine\/emballages-conservations\/lunch-box&quot;},{&quot;name&quot;:&quot;Glaci\u00e8res, Thermos et Sacs isothermes&quot;,&quot;code&quot;:&quot;R24F03SF04SS06&quot;,&quot;id&quot;:&quot;26866&quot;,&quot;type&quot;:&quot;RAYON&quot;,&quot;picto&quot;:null,&quot;level&quot;:4,&quot;sellerId&quot;:null,&quot;slug&quot;:&quot;thermos-sacs-isothermes&quot;,&quot;selected&quot;:false,&quot;children&quot;:null,&quot;layers&quot;:&quot;\/navigation\/26866\/layers&quot;,&quot;link&quot;:&quot;\/r\/maison-decoration\/cuisine\/emballages-conservations\/thermos-sacs-isothermes&quot;},{&quot;name&quot;:&quot;Machines de mise \u00e0 sous vide&quot;,&quot;code&quot;:&quot;R24F03SF04SS07&quot;,&quot;id&quot;:&quot;26873&quot;,&quot;type&quot;:&quot;RAYON&quot;,&quot;picto&quot;:null,&quot;level&quot;:4,&quot;sellerId&quot;:null,&quot;slug&quot;:&quot;machine-de-mise-a-sous-vide&quot;,&quot;selected&quot;:false,&quot;children&quot;:null,&quot;layers&quot;:&quot;\/navigation\/26873\/layers&quot;,&quot;link&quot;:&quot;\/r\/maison-decoration\/cuisine\/emballages-conservations\/machine-de-mise-a-sous-vide&quot;}],&quot;layers&quot;:&quot;\/navigation\/26372\/layers&quot;,&quot;link&quot;:&quot;\/r\/maison-decoration\/cuisine\/emballages-conservations&quot;}],&quot;layers&quot;:&quot;\/navigation\/26146\/layers&quot;,&quot;link&quot;:&quot;\/r\/maison-decoration\/cuisine&quot;},{&quot;name&quot;:&quot;Mobilier et D\u00e9coration&quot;,&quot;code&quot;:&quot;R24F04&quot;,&quot;id&quot;:&quot;26148&quot;,&quot;type&quot;:&quot;RAYON&quot;,&quot;picto&quot;:null,&quot;level&quot;:2,&quot;sellerId&quot;:null,&quot;slug&quot;:&quot;mobilier-decoration&quot;,&quot;selected&quot;:false,&quot;children&quot;:[{&quot;name&quot;:&quot;Sapins et d\u00e9corations de No\u00ebl &quot;,&quot;code&quot;:&quot;R24F03SF01&quot;,&quot;id&quot;:&quot;26387&quot;,&quot;type&quot;:&quot;RAYON&quot;,&quot;picto&quot;:null,&quot;level&quot;:3,&quot;sellerId&quot;:null,&quot;slug&quot;:&quot;sapins-decorations-noel&quot;,&quot;selected&quot;:false,&quot;children&quot;:[{&quot;name&quot;:&quot;Sapins&quot;,&quot;code&quot;:&quot;R24F03SF01SS01&quot;,&quot;id&quot;:&quot;28684&quot;,&quot;type&quot;:&quot;RAYON&quot;,&quot;picto&quot;:null,&quot;level&quot;:4,&quot;sellerId&quot;:null,&quot;slug&quot;:&quot;sapin&quot;,&quot;selected&quot;:false,&quot;children&quot;:null,&quot;layers&quot;:&quot;\/navigation\/28684\/layers&quot;,&quot;link&quot;:&quot;\/r\/maison-decoration\/mobilier-decoration\/sapins-decorations-noel\/sapin&quot;},{&quot;name&quot;:&quot;Guirlandes&quot;,&quot;code&quot;:&quot;R24F03SF01SS02&quot;,&quot;id&quot;:&quot;28685&quot;,&quot;type&quot;:&quot;RAYON&quot;,&quot;picto&quot;:null,&quot;level&quot;:4,&quot;sellerId&quot;:null,&quot;slug&quot;:&quot;guirlande&quot;,&quot;selected&quot;:false,&quot;children&quot;:null,&quot;layers&quot;:&quot;\/navigation\/28685\/layers&quot;,&quot;link&quot;:&quot;\/r\/maison-decoration\/mobilier-decoration\/sapins-decorations-noel\/guirlande&quot;},{&quot;name&quot;:&quot;Guirlandes \u00e9lectriques&quot;,&quot;code&quot;:&quot;R24F03SF01SS03&quot;,&quot;id&quot;:&quot;28686&quot;,&quot;type&quot;:&quot;RAYON&quot;,&quot;picto&quot;:null,&quot;level&quot;:4,&quot;sellerId&quot;:null,&quot;slug&quot;:&quot;guirlande-electrique&quot;,&quot;selected&quot;:false,&quot;children&quot;:null,&quot;layers&quot;:&quot;\/navigation\/28686\/layers&quot;,&quot;link&quot;:&quot;\/r\/maison-decoration\/mobilier-decoration\/sapins-decorations-noel\/guirlande-electrique&quot;},{&quot;name&quot;:&quot;Boules de No\u00ebl&quot;,&quot;code&quot;:&quot;R24F03SF01SS04&quot;,&quot;id&quot;:&quot;28687&quot;,&quot;type&quot;:&quot;RAYON&quot;,&quot;picto&quot;:null,&quot;level&quot;:4,&quot;sellerId&quot;:null,&quot;slug&quot;:&quot;boules-noel&quot;,&quot;selected&quot;:false,&quot;children&quot;:null,&quot;layers&quot;:&quot;\/navigation\/28687\/layers&quot;,&quot;link&quot;:&quot;\/r\/maison-decoration\/mobilier-decoration\/sapins-decorations-noel\/boules-noel&quot;},{&quot;name&quot;:&quot;D\u00e9corations de table de No\u00ebl&quot;,&quot;code&quot;:&quot;R24F03SF01SS05&quot;,&quot;id&quot;:&quot;28689&quot;,&quot;type&quot;:&quot;RAYON&quot;,&quot;picto&quot;:null,&quot;level&quot;:4,&quot;sellerId&quot;:null,&quot;slug&quot;:&quot;decoration-de-table-de-noel&quot;,&quot;selected&quot;:false,&quot;children&quot;:null,&quot;layers&quot;:&quot;\/navigation\/28689\/layers&quot;,&quot;link&quot;:&quot;\/r\/maison-decoration\/mobilier-decoration\/sapins-decorations-noel\/decoration-de-table-de-noel&quot;},{&quot;name&quot;:&quot;Autres d\u00e9corations de No\u00ebl&quot;,&quot;code&quot;:&quot;R24F03SF01SS06&quot;,&quot;id&quot;:&quot;28688&quot;,&quot;type&quot;:&quot;RAYON&quot;,&quot;picto&quot;:null,&quot;level&quot;:4,&quot;sellerId&quot;:null,&quot;slug&quot;:&quot;decoration-noel&quot;,&quot;selected&quot;:false,&quot;children&quot;:null,&quot;layers&quot;:&quot;\/navigation\/28688\/layers&quot;,&quot;link&quot;:&quot;\/r\/maison-decoration\/mobilier-decoration\/sapins-decorations-noel\/decoration-noel&quot;}],&quot;layers&quot;:&quot;\/navigation\/26387\/layers&quot;,&quot;link&quot;:&quot;\/r\/maison-decoration\/mobilier-decoration\/sapins-decorations-noel&quot;},{&quot;name&quot;:&quot;Cuisine et Salle de bain&quot;,&quot;code&quot;:&quot;R24F04SF03&quot;,&quot;id&quot;:&quot;26383&quot;,&quot;type&quot;:&quot;RAYON&quot;,&quot;picto&quot;:null,&quot;level&quot;:3,&quot;sellerId&quot;:null,&quot;slug&quot;:&quot;cuisine-salle-de-bain&quot;,&quot;selected&quot;:false,&quot;children&quot;:[{&quot;name&quot;:&quot;Dessertes et Rangements&quot;,&quot;code&quot;:&quot;R24F04SF03SS03&quot;,&quot;id&quot;:&quot;26837&quot;,&quot;type&quot;:&quot;RAYON&quot;,&quot;picto&quot;:null,&quot;level&quot;:4,&quot;sellerId&quot;:null,&quot;slug&quot;:&quot;dessertes-et-rangements&quot;,&quot;selected&quot;:false,&quot;children&quot;:null,&quot;layers&quot;:&quot;\/navigation\/26837\/layers&quot;,&quot;link&quot;:&quot;\/r\/maison-decoration\/mobilier-decoration\/cuisine-salle-de-bain\/dessertes-et-rangements&quot;},{&quot;name&quot;:&quot;Chariots de course&quot;,&quot;code&quot;:&quot;R24F04SF03SS04&quot;,&quot;id&quot;:&quot;26838&quot;,&quot;type&quot;:&quot;RAYON&quot;,&quot;picto&quot;:null,&quot;level&quot;:4,&quot;sellerId&quot;:null,&quot;slug&quot;:&quot;chariots-de-course&quot;,&quot;selected&quot;:false,&quot;children&quot;:null,&quot;layers&quot;:&quot;\/navigation\/26838\/layers&quot;,&quot;link&quot;:&quot;\/r\/maison-decoration\/mobilier-decoration\/cuisine-salle-de-bain\/chariots-de-course&quot;},{&quot;name&quot;:&quot;Poubelles de cuisine et salle de bain&quot;,&quot;code&quot;:&quot;R24F04SF03SS05&quot;,&quot;id&quot;:&quot;26839&quot;,&quot;type&quot;:&quot;RAYON&quot;,&quot;picto&quot;:null,&quot;level&quot;:4,&quot;sellerId&quot;:null,&quot;slug&quot;:&quot;poubelles-de-cuisines-et-salle-de-bain&quot;,&quot;selected&quot;:false,&quot;children&quot;:null,&quot;layers&quot;:&quot;\/navigation\/26839\/layers&quot;,&quot;link&quot;:&quot;\/r\/maison-decoration\/mobilier-decoration\/cuisine-salle-de-bain\/poubelles-de-cuisines-et-salle-de-bain&quot;},{&quot;name&quot;:&quot;Colonnes de salle de bain&quot;,&quot;code&quot;:&quot;R24F04SF03SS07&quot;,&quot;id&quot;:&quot;26841&quot;,&quot;type&quot;:&quot;RAYON&quot;,&quot;picto&quot;:null,&quot;level&quot;:4,&quot;sellerId&quot;:null,&quot;slug&quot;:&quot;colonnes-de-salle-de-bain&quot;,&quot;selected&quot;:false,&quot;children&quot;:null,&quot;layers&quot;:&quot;\/navigation\/26841\/layers&quot;,&quot;link&quot;:&quot;\/r\/maison-decoration\/mobilier-decoration\/cuisine-salle-de-bain\/colonnes-de-salle-de-bain&quot;},{&quot;name&quot;:&quot;Accessoires de salle de bain&quot;,&quot;code&quot;:&quot;R24F04SF03SS08&quot;,&quot;id&quot;:&quot;26871&quot;,&quot;type&quot;:&quot;RAYON&quot;,&quot;picto&quot;:null,&quot;level&quot;:4,&quot;sellerId&quot;:null,&quot;slug&quot;:&quot;accessoires-salle-de-bain&quot;,&quot;selected&quot;:false,&quot;children&quot;:null,&quot;layers&quot;:&quot;\/navigation\/26871\/layers&quot;,&quot;link&quot;:&quot;\/r\/maison-decoration\/mobilier-decoration\/cuisine-salle-de-bain\/accessoires-salle-de-bain&quot;}],&quot;layers&quot;:&quot;\/navigation\/26383\/layers&quot;,&quot;link&quot;:&quot;\/r\/maison-decoration\/mobilier-decoration\/cuisine-salle-de-bain&quot;},{&quot;name&quot;:&quot;Salon&quot;,&quot;code&quot;:&quot;R24F04SF04&quot;,&quot;id&quot;:&quot;26384&quot;,&quot;type&quot;:&quot;RAYON&quot;,&quot;picto&quot;:null,&quot;level&quot;:3,&quot;sellerId&quot;:null,&quot;slug&quot;:&quot;salon&quot;,&quot;selected&quot;:false,&quot;children&quot;:[{&quot;name&quot;:&quot;Canap\u00e9s, Banquettes, BZ et Clic-clac&quot;,&quot;code&quot;:&quot;R24F04SF04SS01&quot;,&quot;id&quot;:&quot;26842&quot;,&quot;type&quot;:&quot;RAYON&quot;,&quot;picto&quot;:null,&quot;level&quot;:4,&quot;sellerId&quot;:null,&quot;slug&quot;:&quot;canapes-banquettes-bz-clic-clac&quot;,&quot;selected&quot;:false,&quot;children&quot;:null,&quot;layers&quot;:&quot;\/navigation\/26842\/layers&quot;,&quot;link&quot;:&quot;\/r\/maison-decoration\/mobilier-decoration\/salon\/canapes-banquettes-bz-clic-clac&quot;},{&quot;name&quot;:&quot;Chaises, Tabourets et Bars&quot;,&quot;code&quot;:&quot;R24F04SF04SS03&quot;,&quot;id&quot;:&quot;26847&quot;,&quot;type&quot;:&quot;RAYON&quot;,&quot;picto&quot;:null,&quot;level&quot;:4,&quot;sellerId&quot;:null,&quot;slug&quot;:&quot;chaises-tabourets-et-bars&quot;,&quot;selected&quot;:false,&quot;children&quot;:null,&quot;layers&quot;:&quot;\/navigation\/26847\/layers&quot;,&quot;link&quot;:&quot;\/r\/maison-decoration\/mobilier-decoration\/salon\/chaises-tabourets-et-bars&quot;}],&quot;layers&quot;:&quot;\/navigation\/26384\/layers&quot;,&quot;link&quot;:&quot;\/r\/maison-decoration\/mobilier-decoration\/salon&quot;},{&quot;name&quot;:&quot;Chambre et Literie&quot;,&quot;code&quot;:&quot;R24F04SF05&quot;,&quot;id&quot;:&quot;26385&quot;,&quot;type&quot;:&quot;RAYON&quot;,&quot;picto&quot;:null,&quot;level&quot;:3,&quot;sellerId&quot;:null,&quot;slug&quot;:&quot;chambre-literie&quot;,&quot;selected&quot;:false,&quot;children&quot;:[{&quot;name&quot;:&quot;Chambre compl\u00e8te&quot;,&quot;code&quot;:&quot;R24F04SF05SS01&quot;,&quot;id&quot;:&quot;26793&quot;,&quot;type&quot;:&quot;RAYON&quot;,&quot;picto&quot;:null,&quot;level&quot;:4,&quot;sellerId&quot;:null,&quot;slug&quot;:&quot;chambre-complete&quot;,&quot;selected&quot;:false,&quot;children&quot;:null,&quot;layers&quot;:&quot;\/navigation\/26793\/layers&quot;,&quot;link&quot;:&quot;\/r\/maison-decoration\/mobilier-decoration\/chambre-literie\/chambre-complete&quot;},{&quot;name&quot;:&quot;Structures de lit&quot;,&quot;code&quot;:&quot;R24F04SF05SS02&quot;,&quot;id&quot;:&quot;26794&quot;,&quot;type&quot;:&quot;RAYON&quot;,&quot;picto&quot;:null,&quot;level&quot;:4,&quot;sellerId&quot;:null,&quot;slug&quot;:&quot;structures-de-lit&quot;,&quot;selected&quot;:false,&quot;children&quot;:null,&quot;layers&quot;:&quot;\/navigation\/26794\/layers&quot;,&quot;link&quot;:&quot;\/r\/maison-decoration\/mobilier-decoration\/chambre-literie\/structures-de-lit&quot;},{&quot;name&quot;:&quot;Matelas&quot;,&quot;code&quot;:&quot;R24F04SF05SS04&quot;,&quot;id&quot;:&quot;26796&quot;,&quot;type&quot;:&quot;RAYON&quot;,&quot;picto&quot;:null,&quot;level&quot;:4,&quot;sellerId&quot;:null,&quot;slug&quot;:&quot;matelas&quot;,&quot;selected&quot;:false,&quot;children&quot;:null,&quot;layers&quot;:&quot;\/navigation\/26796\/layers&quot;,&quot;link&quot;:&quot;\/r\/maison-decoration\/mobilier-decoration\/chambre-literie\/matelas&quot;},{&quot;name&quot;:&quot;Surmatelas&quot;,&quot;code&quot;:&quot;R24F04SF05SS06&quot;,&quot;id&quot;:&quot;26798&quot;,&quot;type&quot;:&quot;RAYON&quot;,&quot;picto&quot;:null,&quot;level&quot;:4,&quot;sellerId&quot;:null,&quot;slug&quot;:&quot;surmatelas&quot;,&quot;selected&quot;:false,&quot;children&quot;:null,&quot;layers&quot;:&quot;\/navigation\/26798\/layers&quot;,&quot;link&quot;:&quot;\/r\/maison-decoration\/mobilier-decoration\/chambre-literie\/surmatelas&quot;},{&quot;name&quot;:&quot;Armoires&quot;,&quot;code&quot;:&quot;R24F04SF05SS09&quot;,&quot;id&quot;:&quot;26801&quot;,&quot;type&quot;:&quot;RAYON&quot;,&quot;picto&quot;:null,&quot;level&quot;:4,&quot;sellerId&quot;:null,&quot;slug&quot;:&quot;armoires&quot;,&quot;selected&quot;:false,&quot;children&quot;:null,&quot;layers&quot;:&quot;\/navigation\/26801\/layers&quot;,&quot;link&quot;:&quot;\/r\/maison-decoration\/mobilier-decoration\/chambre-literie\/armoires&quot;},{&quot;name&quot;:&quot;Lits pliant et Lits d&#039;appoint&quot;,&quot;code&quot;:&quot;R24F04SF05SS11&quot;,&quot;id&quot;:&quot;26803&quot;,&quot;type&quot;:&quot;RAYON&quot;,&quot;picto&quot;:null,&quot;level&quot;:4,&quot;sellerId&quot;:null,&quot;slug&quot;:&quot;lits-pliant-lits-appoint&quot;,&quot;selected&quot;:false,&quot;children&quot;:null,&quot;layers&quot;:&quot;\/navigation\/26803\/layers&quot;,&quot;link&quot;:&quot;\/r\/maison-decoration\/mobilier-decoration\/chambre-literie\/lits-pliant-lits-appoint&quot;}],&quot;layers&quot;:&quot;\/navigation\/26385\/layers&quot;,&quot;link&quot;:&quot;\/r\/maison-decoration\/mobilier-decoration\/chambre-literie&quot;},{&quot;name&quot;:&quot;D\u00e9corations et Parfums d&#039;int\u00e9rieur&quot;,&quot;code&quot;:&quot;R24F04SF06&quot;,&quot;id&quot;:&quot;26386&quot;,&quot;type&quot;:&quot;RAYON&quot;,&quot;picto&quot;:null,&quot;level&quot;:3,&quot;sellerId&quot;:null,&quot;slug&quot;:&quot;decorations-parfums-interieur&quot;,&quot;selected&quot;:false,&quot;children&quot;:[{&quot;name&quot;:&quot;Tapis et Miroirs&quot;,&quot;code&quot;:&quot;R24F04SF06SS01&quot;,&quot;id&quot;:&quot;26765&quot;,&quot;type&quot;:&quot;RAYON&quot;,&quot;picto&quot;:null,&quot;level&quot;:4,&quot;sellerId&quot;:null,&quot;slug&quot;:&quot;tapis-miroirs&quot;,&quot;selected&quot;:false,&quot;children&quot;:null,&quot;layers&quot;:&quot;\/navigation\/26765\/layers&quot;,&quot;link&quot;:&quot;\/r\/maison-decoration\/mobilier-decoration\/decorations-parfums-interieur\/tapis-miroirs&quot;},{&quot;name&quot;:&quot;Coussins&quot;,&quot;code&quot;:&quot;R24F04SF06SS02&quot;,&quot;id&quot;:&quot;26860&quot;,&quot;type&quot;:&quot;RAYON&quot;,&quot;picto&quot;:null,&quot;level&quot;:4,&quot;sellerId&quot;:null,&quot;slug&quot;:&quot;coussins&quot;,&quot;selected&quot;:false,&quot;children&quot;:null,&quot;layers&quot;:&quot;\/navigation\/26860\/layers&quot;,&quot;link&quot;:&quot;\/r\/maison-decoration\/mobilier-decoration\/decorations-parfums-interieur\/coussins&quot;},{&quot;name&quot;:&quot;Accessoires de d\u00e9coration&quot;,&quot;code&quot;:&quot;R24F04SF06SS03&quot;,&quot;id&quot;:&quot;26766&quot;,&quot;type&quot;:&quot;RAYON&quot;,&quot;picto&quot;:null,&quot;level&quot;:4,&quot;sellerId&quot;:null,&quot;slug&quot;:&quot;accessoires-de-decoration&quot;,&quot;selected&quot;:false,&quot;children&quot;:null,&quot;layers&quot;:&quot;\/navigation\/26766\/layers&quot;,&quot;link&quot;:&quot;\/r\/maison-decoration\/mobilier-decoration\/decorations-parfums-interieur\/accessoires-de-decoration&quot;},{&quot;name&quot;:&quot;Bougies&quot;,&quot;code&quot;:&quot;R24F04SF06SS04&quot;,&quot;id&quot;:&quot;26767&quot;,&quot;type&quot;:&quot;RAYON&quot;,&quot;picto&quot;:null,&quot;level&quot;:4,&quot;sellerId&quot;:null,&quot;slug&quot;:&quot;bougies&quot;,&quot;selected&quot;:false,&quot;children&quot;:null,&quot;layers&quot;:&quot;\/navigation\/26767\/layers&quot;,&quot;link&quot;:&quot;\/r\/maison-decoration\/mobilier-decoration\/decorations-parfums-interieur\/bougies&quot;},{&quot;name&quot;:&quot;Parfums d&#039;int\u00e9rieur et Encens&quot;,&quot;code&quot;:&quot;R24F04SF06SS05&quot;,&quot;id&quot;:&quot;26768&quot;,&quot;type&quot;:&quot;RAYON&quot;,&quot;picto&quot;:null,&quot;level&quot;:4,&quot;sellerId&quot;:null,&quot;slug&quot;:&quot;parfums-interieur-encens&quot;,&quot;selected&quot;:false,&quot;children&quot;:null,&quot;layers&quot;:&quot;\/navigation\/26768\/layers&quot;,&quot;link&quot;:&quot;\/r\/maison-decoration\/mobilier-decoration\/decorations-parfums-interieur\/parfums-interieur-encens&quot;}],&quot;layers&quot;:&quot;\/navigation\/26386\/layers&quot;,&quot;link&quot;:&quot;\/r\/maison-decoration\/mobilier-decoration\/decorations-parfums-interieur&quot;},{&quot;name&quot;:&quot;Rangements&quot;,&quot;code&quot;:&quot;R24F04SF08&quot;,&quot;id&quot;:&quot;26389&quot;,&quot;type&quot;:&quot;RAYON&quot;,&quot;picto&quot;:null,&quot;level&quot;:3,&quot;sellerId&quot;:null,&quot;slug&quot;:&quot;rangements&quot;,&quot;selected&quot;:false,&quot;children&quot;:[{&quot;name&quot;:&quot;Etag\u00e8res&quot;,&quot;code&quot;:&quot;R24F04SF08SS01&quot;,&quot;id&quot;:&quot;26761&quot;,&quot;type&quot;:&quot;RAYON&quot;,&quot;picto&quot;:null,&quot;level&quot;:4,&quot;sellerId&quot;:null,&quot;slug&quot;:&quot;etageres&quot;,&quot;selected&quot;:false,&quot;children&quot;:null,&quot;layers&quot;:&quot;\/navigation\/26761\/layers&quot;,&quot;link&quot;:&quot;\/r\/maison-decoration\/mobilier-decoration\/rangements\/etageres&quot;},{&quot;name&quot;:&quot;Housses de rangement&quot;,&quot;code&quot;:&quot;R24F04SF08SS02&quot;,&quot;id&quot;:&quot;26762&quot;,&quot;type&quot;:&quot;RAYON&quot;,&quot;picto&quot;:null,&quot;level&quot;:4,&quot;sellerId&quot;:null,&quot;slug&quot;:&quot;housses-de-rangement&quot;,&quot;selected&quot;:false,&quot;children&quot;:null,&quot;layers&quot;:&quot;\/navigation\/26762\/layers&quot;,&quot;link&quot;:&quot;\/r\/maison-decoration\/mobilier-decoration\/rangements\/housses-de-rangement&quot;},{&quot;name&quot;:&quot;Bo\u00eetes et Tours de rangement&quot;,&quot;code&quot;:&quot;R24F04SF08SS03&quot;,&quot;id&quot;:&quot;26763&quot;,&quot;type&quot;:&quot;RAYON&quot;,&quot;picto&quot;:null,&quot;level&quot;:4,&quot;sellerId&quot;:null,&quot;slug&quot;:&quot;boites-tours-de-rangement&quot;,&quot;selected&quot;:false,&quot;children&quot;:null,&quot;layers&quot;:&quot;\/navigation\/26763\/layers&quot;,&quot;link&quot;:&quot;\/r\/maison-decoration\/mobilier-decoration\/rangements\/boites-tours-de-rangement&quot;},{&quot;name&quot;:&quot;Malles, Coffres et Cantines m\u00e9talliques&quot;,&quot;code&quot;:&quot;R24F04SF08SS04&quot;,&quot;id&quot;:&quot;26760&quot;,&quot;type&quot;:&quot;RAYON&quot;,&quot;picto&quot;:null,&quot;level&quot;:4,&quot;sellerId&quot;:null,&quot;slug&quot;:&quot;malles-coffres-cantines-metalliques&quot;,&quot;selected&quot;:false,&quot;children&quot;:null,&quot;layers&quot;:&quot;\/navigation\/26760\/layers&quot;,&quot;link&quot;:&quot;\/r\/maison-decoration\/mobilier-decoration\/rangements\/malles-coffres-cantines-metalliques&quot;},{&quot;name&quot;:&quot;Paniers&quot;,&quot;code&quot;:&quot;R24F04SF08SS05&quot;,&quot;id&quot;:&quot;26869&quot;,&quot;type&quot;:&quot;RAYON&quot;,&quot;picto&quot;:null,&quot;level&quot;:4,&quot;sellerId&quot;:null,&quot;slug&quot;:&quot;paniers&quot;,&quot;selected&quot;:false,&quot;children&quot;:null,&quot;layers&quot;:&quot;\/navigation\/26869\/layers&quot;,&quot;link&quot;:&quot;\/r\/maison-decoration\/mobilier-decoration\/rangements\/paniers&quot;},{&quot;name&quot;:&quot;Rangements \u00e0 chaussures et sp\u00e9ciaux&quot;,&quot;code&quot;:&quot;R24F04SF08SS06&quot;,&quot;id&quot;:&quot;26764&quot;,&quot;type&quot;:&quot;RAYON&quot;,&quot;picto&quot;:null,&quot;level&quot;:4,&quot;sellerId&quot;:null,&quot;slug&quot;:&quot;rangements-a-chaussures-speciaux&quot;,&quot;selected&quot;:false,&quot;children&quot;:null,&quot;layers&quot;:&quot;\/navigation\/26764\/layers&quot;,&quot;link&quot;:&quot;\/r\/maison-decoration\/mobilier-decoration\/rangements\/rangements-a-chaussures-speciaux&quot;}],&quot;layers&quot;:&quot;\/navigation\/26389\/layers&quot;,&quot;link&quot;:&quot;\/r\/maison-decoration\/mobilier-decoration\/rangements&quot;}],&quot;layers&quot;:&quot;\/navigation\/26148\/layers&quot;,&quot;link&quot;:&quot;\/r\/maison-decoration\/mobilier-decoration&quot;}],&quot;layers&quot;:&quot;\/navigation\/26024\/layers&quot;,&quot;link&quot;:&quot;\/r\/maison-decoration&quot;},{&quot;name&quot;:&quot;Mode et Bagagerie&quot;,&quot;code&quot;:&quot;R25&quot;,&quot;id&quot;:&quot;26025&quot;,&quot;type&quot;:&quot;RAYON&quot;,&quot;picto&quot;:&quot;https:\/\/media.carrefour.fr\/medias\/b21744f2a43437b6821caa6394c8dff0\/p_96x96\/26025.jpg&quot;,&quot;level&quot;:1,&quot;sellerId&quot;:null,&quot;slug&quot;:&quot;mode-bagagerie&quot;,&quot;selected&quot;:false,&quot;children&quot;:[{&quot;name&quot;:&quot;Femme&quot;,&quot;code&quot;:&quot;R25F02&quot;,&quot;id&quot;:&quot;26149&quot;,&quot;type&quot;:&quot;RAYON&quot;,&quot;picto&quot;:null,&quot;level&quot;:2,&quot;sellerId&quot;:null,&quot;slug&quot;:&quot;femme&quot;,&quot;selected&quot;:false,&quot;children&quot;:[{&quot;name&quot;:&quot;V\u00eatements&quot;,&quot;code&quot;:&quot;R25F02SF01&quot;,&quot;id&quot;:&quot;26390&quot;,&quot;type&quot;:&quot;RAYON&quot;,&quot;picto&quot;:null,&quot;level&quot;:3,&quot;sellerId&quot;:null,&quot;slug&quot;:&quot;vetements&quot;,&quot;selected&quot;:false,&quot;children&quot;:[{&quot;name&quot;:&quot;Hauts&quot;,&quot;code&quot;:&quot;R25F02SF01SS01&quot;,&quot;id&quot;:&quot;26459&quot;,&quot;type&quot;:&quot;RAYON&quot;,&quot;picto&quot;:null,&quot;level&quot;:4,&quot;sellerId&quot;:null,&quot;slug&quot;:&quot;hauts&quot;,&quot;selected&quot;:false,&quot;children&quot;:null,&quot;layers&quot;:&quot;\/navigation\/26459\/layers&quot;,&quot;link&quot;:&quot;\/r\/mode-bagagerie\/femme\/vetements\/hauts&quot;},{&quot;name&quot;:&quot;Pantalons et Jeans&quot;,&quot;code&quot;:&quot;R25F02SF01SS04&quot;,&quot;id&quot;:&quot;26464&quot;,&quot;type&quot;:&quot;RAYON&quot;,&quot;picto&quot;:null,&quot;level&quot;:4,&quot;sellerId&quot;:null,&quot;slug&quot;:&quot;pantalons-jeans&quot;,&quot;selected&quot;:false,&quot;children&quot;:null,&quot;layers&quot;:&quot;\/navigation\/26464\/layers&quot;,&quot;link&quot;:&quot;\/r\/mode-bagagerie\/femme\/vetements\/pantalons-jeans&quot;}],&quot;layers&quot;:&quot;\/navigation\/26390\/layers&quot;,&quot;link&quot;:&quot;\/r\/mode-bagagerie\/femme\/vetements&quot;},{&quot;name&quot;:&quot;Chaussons et Chaussures&quot;,&quot;code&quot;:&quot;R25F02SF02&quot;,&quot;id&quot;:&quot;26391&quot;,&quot;type&quot;:&quot;RAYON&quot;,&quot;picto&quot;:null,&quot;level&quot;:3,&quot;sellerId&quot;:null,&quot;slug&quot;:&quot;chaussons-chaussures&quot;,&quot;selected&quot;:false,&quot;children&quot;:[{&quot;name&quot;:&quot;Chaussures&quot;,&quot;code&quot;:&quot;R25F02SF02SS01&quot;,&quot;id&quot;:&quot;26465&quot;,&quot;type&quot;:&quot;RAYON&quot;,&quot;picto&quot;:null,&quot;level&quot;:4,&quot;sellerId&quot;:null,&quot;slug&quot;:&quot;chaussures&quot;,&quot;selected&quot;:false,&quot;children&quot;:null,&quot;layers&quot;:&quot;\/navigation\/26465\/layers&quot;,&quot;link&quot;:&quot;\/r\/mode-bagagerie\/femme\/chaussons-chaussures\/chaussures&quot;},{&quot;name&quot;:&quot;Chaussons&quot;,&quot;code&quot;:&quot;R25F02SF02SS04&quot;,&quot;id&quot;:&quot;26468&quot;,&quot;type&quot;:&quot;RAYON&quot;,&quot;picto&quot;:null,&quot;level&quot;:4,&quot;sellerId&quot;:null,&quot;slug&quot;:&quot;chaussons&quot;,&quot;selected&quot;:false,&quot;children&quot;:null,&quot;layers&quot;:&quot;\/navigation\/26468\/layers&quot;,&quot;link&quot;:&quot;\/r\/mode-bagagerie\/femme\/chaussons-chaussures\/chaussons&quot;}],&quot;layers&quot;:&quot;\/navigation\/26391\/layers&quot;,&quot;link&quot;:&quot;\/r\/mode-bagagerie\/femme\/chaussons-chaussures&quot;},{&quot;name&quot;:&quot;Sous-v\u00eatements et Pyjamas&quot;,&quot;code&quot;:&quot;R25F02SF03&quot;,&quot;id&quot;:&quot;26739&quot;,&quot;type&quot;:&quot;RAYON&quot;,&quot;picto&quot;:null,&quot;level&quot;:3,&quot;sellerId&quot;:null,&quot;slug&quot;:&quot;sous-vetements&quot;,&quot;selected&quot;:false,&quot;children&quot;:[{&quot;name&quot;:&quot;Soutiens-gorge&quot;,&quot;code&quot;:&quot;R25F02SF03SS01&quot;,&quot;id&quot;:&quot;26742&quot;,&quot;type&quot;:&quot;RAYON&quot;,&quot;picto&quot;:null,&quot;level&quot;:4,&quot;sellerId&quot;:null,&quot;slug&quot;:&quot;soutiens-gorge&quot;,&quot;selected&quot;:false,&quot;children&quot;:null,&quot;layers&quot;:&quot;\/navigation\/26742\/layers&quot;,&quot;link&quot;:&quot;\/r\/mode-bagagerie\/femme\/sous-vetements\/soutiens-gorge&quot;},{&quot;name&quot;:&quot;Culottes et Shorty&quot;,&quot;code&quot;:&quot;R25F02SF03SS02&quot;,&quot;id&quot;:&quot;26743&quot;,&quot;type&quot;:&quot;RAYON&quot;,&quot;picto&quot;:null,&quot;level&quot;:4,&quot;sellerId&quot;:null,&quot;slug&quot;:&quot;culottes-shorty&quot;,&quot;selected&quot;:false,&quot;children&quot;:null,&quot;layers&quot;:&quot;\/navigation\/26743\/layers&quot;,&quot;link&quot;:&quot;\/r\/mode-bagagerie\/femme\/sous-vetements\/culottes-shorty&quot;},{&quot;name&quot;:&quot;Pyjamas&quot;,&quot;code&quot;:&quot;R25F02SF03SS03&quot;,&quot;id&quot;:&quot;26744&quot;,&quot;type&quot;:&quot;RAYON&quot;,&quot;picto&quot;:null,&quot;level&quot;:4,&quot;sellerId&quot;:null,&quot;slug&quot;:&quot;pyjamas&quot;,&quot;selected&quot;:false,&quot;children&quot;:null,&quot;layers&quot;:&quot;\/navigation\/26744\/layers&quot;,&quot;link&quot;:&quot;\/r\/mode-bagagerie\/femme\/sous-vetements\/pyjamas&quot;},{&quot;name&quot;:&quot;Chaussettes&quot;,&quot;code&quot;:&quot;R25F02SF03SS05&quot;,&quot;id&quot;:&quot;26741&quot;,&quot;type&quot;:&quot;RAYON&quot;,&quot;picto&quot;:null,&quot;level&quot;:4,&quot;sellerId&quot;:null,&quot;slug&quot;:&quot;chaussettes&quot;,&quot;selected&quot;:false,&quot;children&quot;:null,&quot;layers&quot;:&quot;\/navigation\/26741\/layers&quot;,&quot;link&quot;:&quot;\/r\/mode-bagagerie\/femme\/sous-vetements\/chaussettes&quot;}],&quot;layers&quot;:&quot;\/navigation\/26739\/layers&quot;,&quot;link&quot;:&quot;\/r\/mode-bagagerie\/femme\/sous-vetements&quot;},{&quot;name&quot;:&quot;Collants, mi-bas et bas&quot;,&quot;code&quot;:&quot;R25F02SF04&quot;,&quot;id&quot;:&quot;26740&quot;,&quot;type&quot;:&quot;RAYON&quot;,&quot;picto&quot;:null,&quot;level&quot;:3,&quot;sellerId&quot;:null,&quot;slug&quot;:&quot;collants&quot;,&quot;selected&quot;:false,&quot;children&quot;:null,&quot;layers&quot;:&quot;\/navigation\/26740\/layers&quot;,&quot;link&quot;:&quot;\/r\/mode-bagagerie\/femme\/collants&quot;},{&quot;name&quot;:&quot;Accessoires&quot;,&quot;code&quot;:&quot;R25F02SF06&quot;,&quot;id&quot;:&quot;26395&quot;,&quot;type&quot;:&quot;RAYON&quot;,&quot;picto&quot;:null,&quot;level&quot;:3,&quot;sellerId&quot;:null,&quot;slug&quot;:&quot;accessoires&quot;,&quot;selected&quot;:false,&quot;children&quot;:null,&quot;layers&quot;:&quot;\/navigation\/26395\/layers&quot;,&quot;link&quot;:&quot;\/r\/mode-bagagerie\/femme\/accessoires&quot;}],&quot;layers&quot;:&quot;\/navigation\/26149\/layers&quot;,&quot;link&quot;:&quot;\/r\/mode-bagagerie\/femme&quot;},{&quot;name&quot;:&quot;Homme&quot;,&quot;code&quot;:&quot;R25F03&quot;,&quot;id&quot;:&quot;26150&quot;,&quot;type&quot;:&quot;RAYON&quot;,&quot;picto&quot;:null,&quot;level&quot;:2,&quot;sellerId&quot;:null,&quot;slug&quot;:&quot;homme&quot;,&quot;selected&quot;:false,&quot;children&quot;:[{&quot;name&quot;:&quot;V\u00eatements&quot;,&quot;code&quot;:&quot;R25F03SF01&quot;,&quot;id&quot;:&quot;26396&quot;,&quot;type&quot;:&quot;RAYON&quot;,&quot;picto&quot;:null,&quot;level&quot;:3,&quot;sellerId&quot;:null,&quot;slug&quot;:&quot;vetements&quot;,&quot;selected&quot;:false,&quot;children&quot;:[{&quot;name&quot;:&quot;T-shirts et D\u00e9bardeurs&quot;,&quot;code&quot;:&quot;R25F03SF01SS01&quot;,&quot;id&quot;:&quot;26932&quot;,&quot;type&quot;:&quot;RAYON&quot;,&quot;picto&quot;:null,&quot;level&quot;:4,&quot;sellerId&quot;:null,&quot;slug&quot;:&quot;t-shirts-debardeurs&quot;,&quot;selected&quot;:false,&quot;children&quot;:null,&quot;layers&quot;:&quot;\/navigation\/26932\/layers&quot;,&quot;link&quot;:&quot;\/r\/mode-bagagerie\/homme\/vetements\/t-shirts-debardeurs&quot;},{&quot;name&quot;:&quot;Pantalons et Jeans&quot;,&quot;code&quot;:&quot;R25F03SF01SS04&quot;,&quot;id&quot;:&quot;26728&quot;,&quot;type&quot;:&quot;RAYON&quot;,&quot;picto&quot;:null,&quot;level&quot;:4,&quot;sellerId&quot;:null,&quot;slug&quot;:&quot;pantalons-jeans&quot;,&quot;selected&quot;:false,&quot;children&quot;:null,&quot;layers&quot;:&quot;\/navigation\/26728\/layers&quot;,&quot;link&quot;:&quot;\/r\/mode-bagagerie\/homme\/vetements\/pantalons-jeans&quot;}],&quot;layers&quot;:&quot;\/navigation\/26396\/layers&quot;,&quot;link&quot;:&quot;\/r\/mode-bagagerie\/homme\/vetements&quot;},{&quot;name&quot;:&quot;Chaussons et Chaussures&quot;,&quot;code&quot;:&quot;R25F03SF02&quot;,&quot;id&quot;:&quot;26397&quot;,&quot;type&quot;:&quot;RAYON&quot;,&quot;picto&quot;:null,&quot;level&quot;:3,&quot;sellerId&quot;:null,&quot;slug&quot;:&quot;chaussons-chaussures&quot;,&quot;selected&quot;:false,&quot;children&quot;:[{&quot;name&quot;:&quot;Chaussures&quot;,&quot;code&quot;:&quot;R25F03SF02SS01&quot;,&quot;id&quot;:&quot;26731&quot;,&quot;type&quot;:&quot;RAYON&quot;,&quot;picto&quot;:null,&quot;level&quot;:4,&quot;sellerId&quot;:null,&quot;slug&quot;:&quot;chaussures&quot;,&quot;selected&quot;:false,&quot;children&quot;:null,&quot;layers&quot;:&quot;\/navigation\/26731\/layers&quot;,&quot;link&quot;:&quot;\/r\/mode-bagagerie\/homme\/chaussons-chaussures\/chaussures&quot;},{&quot;name&quot;:&quot;Baskets&quot;,&quot;code&quot;:&quot;R25F03SF02SS02&quot;,&quot;id&quot;:&quot;26733&quot;,&quot;type&quot;:&quot;RAYON&quot;,&quot;picto&quot;:null,&quot;level&quot;:4,&quot;sellerId&quot;:null,&quot;slug&quot;:&quot;baskets&quot;,&quot;selected&quot;:false,&quot;children&quot;:null,&quot;layers&quot;:&quot;\/navigation\/26733\/layers&quot;,&quot;link&quot;:&quot;\/r\/mode-bagagerie\/homme\/chaussons-chaussures\/baskets&quot;},{&quot;name&quot;:&quot;Chaussons&quot;,&quot;code&quot;:&quot;R25F03SF02SS03&quot;,&quot;id&quot;:&quot;26735&quot;,&quot;type&quot;:&quot;RAYON&quot;,&quot;picto&quot;:null,&quot;level&quot;:4,&quot;sellerId&quot;:null,&quot;slug&quot;:&quot;chaussons&quot;,&quot;selected&quot;:false,&quot;children&quot;:null,&quot;layers&quot;:&quot;\/navigation\/26735\/layers&quot;,&quot;link&quot;:&quot;\/r\/mode-bagagerie\/homme\/chaussons-chaussures\/chaussons&quot;}],&quot;layers&quot;:&quot;\/navigation\/26397\/layers&quot;,&quot;link&quot;:&quot;\/r\/mode-bagagerie\/homme\/chaussons-chaussures&quot;},{&quot;name&quot;:&quot;Sous-v\u00eatements et Pyjamas&quot;,&quot;code&quot;:&quot;R25F03SF03&quot;,&quot;id&quot;:&quot;26398&quot;,&quot;type&quot;:&quot;RAYON&quot;,&quot;picto&quot;:null,&quot;level&quot;:3,&quot;sellerId&quot;:null,&quot;slug&quot;:&quot;sous-vetements&quot;,&quot;selected&quot;:false,&quot;children&quot;:[{&quot;name&quot;:&quot;Boxers, Cale\u00e7ons et Slips&quot;,&quot;code&quot;:&quot;R25F03SF03SS01&quot;,&quot;id&quot;:&quot;26746&quot;,&quot;type&quot;:&quot;RAYON&quot;,&quot;picto&quot;:null,&quot;level&quot;:4,&quot;sellerId&quot;:null,&quot;slug&quot;:&quot;boxers-calecons-slips&quot;,&quot;selected&quot;:false,&quot;children&quot;:null,&quot;layers&quot;:&quot;\/navigation\/26746\/layers&quot;,&quot;link&quot;:&quot;\/r\/mode-bagagerie\/homme\/sous-vetements\/boxers-calecons-slips&quot;},{&quot;name&quot;:&quot;Chaussettes&quot;,&quot;code&quot;:&quot;R25F03SF03SS02&quot;,&quot;id&quot;:&quot;26748&quot;,&quot;type&quot;:&quot;RAYON&quot;,&quot;picto&quot;:null,&quot;level&quot;:4,&quot;sellerId&quot;:null,&quot;slug&quot;:&quot;chaussettes&quot;,&quot;selected&quot;:false,&quot;children&quot;:null,&quot;layers&quot;:&quot;\/navigation\/26748\/layers&quot;,&quot;link&quot;:&quot;\/r\/mode-bagagerie\/homme\/sous-vetements\/chaussettes&quot;},{&quot;name&quot;:&quot;Pyjamas&quot;,&quot;code&quot;:&quot;R25F03SF03SS03&quot;,&quot;id&quot;:&quot;26747&quot;,&quot;type&quot;:&quot;RAYON&quot;,&quot;picto&quot;:null,&quot;level&quot;:4,&quot;sellerId&quot;:null,&quot;slug&quot;:&quot;pyjamas&quot;,&quot;selected&quot;:false,&quot;children&quot;:null,&quot;layers&quot;:&quot;\/navigation\/26747\/layers&quot;,&quot;link&quot;:&quot;\/r\/mode-bagagerie\/homme\/sous-vetements\/pyjamas&quot;}],&quot;layers&quot;:&quot;\/navigation\/26398\/layers&quot;,&quot;link&quot;:&quot;\/r\/mode-bagagerie\/homme\/sous-vetements&quot;},{&quot;name&quot;:&quot;Accessoires&quot;,&quot;code&quot;:&quot;R25F03SF05&quot;,&quot;id&quot;:&quot;26400&quot;,&quot;type&quot;:&quot;RAYON&quot;,&quot;picto&quot;:null,&quot;level&quot;:3,&quot;sellerId&quot;:null,&quot;slug&quot;:&quot;accessoires&quot;,&quot;selected&quot;:false,&quot;children&quot;:null,&quot;layers&quot;:&quot;\/navigation\/26400\/layers&quot;,&quot;link&quot;:&quot;\/r\/mode-bagagerie\/homme\/accessoires&quot;}],&quot;layers&quot;:&quot;\/navigation\/26150\/layers&quot;,&quot;link&quot;:&quot;\/r\/mode-bagagerie\/homme&quot;},{&quot;name&quot;:&quot;Enfant&quot;,&quot;code&quot;:&quot;R25F04&quot;,&quot;id&quot;:&quot;26151&quot;,&quot;type&quot;:&quot;RAYON&quot;,&quot;picto&quot;:null,&quot;level&quot;:2,&quot;sellerId&quot;:null,&quot;slug&quot;:&quot;enfant&quot;,&quot;selected&quot;:false,&quot;children&quot;:[{&quot;name&quot;:&quot;V\u00eatements Filles 2 \u00e0 14 ans &quot;,&quot;code&quot;:&quot;R25F04SF01&quot;,&quot;id&quot;:&quot;26401&quot;,&quot;type&quot;:&quot;RAYON&quot;,&quot;picto&quot;:null,&quot;level&quot;:3,&quot;sellerId&quot;:null,&quot;slug&quot;:&quot;vetements-filles-2-a-14-ans&quot;,&quot;selected&quot;:false,&quot;children&quot;:[{&quot;name&quot;:&quot;T-shirts et Polos&quot;,&quot;code&quot;:&quot;R25F04SF01SS01&quot;,&quot;id&quot;:&quot;26751&quot;,&quot;type&quot;:&quot;RAYON&quot;,&quot;picto&quot;:null,&quot;level&quot;:4,&quot;sellerId&quot;:null,&quot;slug&quot;:&quot;t-shirts-polos&quot;,&quot;selected&quot;:false,&quot;children&quot;:null,&quot;layers&quot;:&quot;\/navigation\/26751\/layers&quot;,&quot;link&quot;:&quot;\/r\/mode-bagagerie\/enfant\/vetements-filles-2-a-14-ans\/t-shirts-polos&quot;},{&quot;name&quot;:&quot;Pantalons&quot;,&quot;code&quot;:&quot;R25F04SF01SS03&quot;,&quot;id&quot;:&quot;26752&quot;,&quot;type&quot;:&quot;RAYON&quot;,&quot;picto&quot;:null,&quot;level&quot;:4,&quot;sellerId&quot;:null,&quot;slug&quot;:&quot;pantalons&quot;,&quot;selected&quot;:false,&quot;children&quot;:null,&quot;layers&quot;:&quot;\/navigation\/26752\/layers&quot;,&quot;link&quot;:&quot;\/r\/mode-bagagerie\/enfant\/vetements-filles-2-a-14-ans\/pantalons&quot;}],&quot;layers&quot;:&quot;\/navigation\/26401\/layers&quot;,&quot;link&quot;:&quot;\/r\/mode-bagagerie\/enfant\/vetements-filles-2-a-14-ans&quot;},{&quot;name&quot;:&quot;Chaussures Filles &quot;,&quot;code&quot;:&quot;R25F04SF02&quot;,&quot;id&quot;:&quot;26403&quot;,&quot;type&quot;:&quot;RAYON&quot;,&quot;picto&quot;:null,&quot;level&quot;:3,&quot;sellerId&quot;:null,&quot;slug&quot;:&quot;chaussures-filles&quot;,&quot;selected&quot;:false,&quot;children&quot;:null,&quot;layers&quot;:&quot;\/navigation\/26403\/layers&quot;,&quot;link&quot;:&quot;\/r\/mode-bagagerie\/enfant\/chaussures-filles&quot;},{&quot;name&quot;:&quot;Chaussettes et Collants Filles&quot;,&quot;code&quot;:&quot;R25F04SF03&quot;,&quot;id&quot;:&quot;26749&quot;,&quot;type&quot;:&quot;RAYON&quot;,&quot;picto&quot;:null,&quot;level&quot;:3,&quot;sellerId&quot;:null,&quot;slug&quot;:&quot;chaussettes-filles&quot;,&quot;selected&quot;:false,&quot;children&quot;:null,&quot;layers&quot;:&quot;\/navigation\/26749\/layers&quot;,&quot;link&quot;:&quot;\/r\/mode-bagagerie\/enfant\/chaussettes-filles&quot;},{&quot;name&quot;:&quot;Sous-v\u00eatements et Pyjamas Filles&quot;,&quot;code&quot;:&quot;R25F04SF04&quot;,&quot;id&quot;:&quot;26918&quot;,&quot;type&quot;:&quot;RAYON&quot;,&quot;picto&quot;:null,&quot;level&quot;:3,&quot;sellerId&quot;:null,&quot;slug&quot;:&quot;sous-vetement-pyjamas-filles&quot;,&quot;selected&quot;:false,&quot;children&quot;:[{&quot;name&quot;:&quot;Sous-v\u00eatements &quot;,&quot;code&quot;:&quot;R25F04SF04SS01&quot;,&quot;id&quot;:&quot;26919&quot;,&quot;type&quot;:&quot;RAYON&quot;,&quot;picto&quot;:null,&quot;level&quot;:4,&quot;sellerId&quot;:null,&quot;slug&quot;:&quot;sous-vetement-fille&quot;,&quot;selected&quot;:false,&quot;children&quot;:null,&quot;layers&quot;:&quot;\/navigation\/26919\/layers&quot;,&quot;link&quot;:&quot;\/r\/mode-bagagerie\/enfant\/sous-vetement-pyjamas-filles\/sous-vetement-fille&quot;}],&quot;layers&quot;:&quot;\/navigation\/26918\/layers&quot;,&quot;link&quot;:&quot;\/r\/mode-bagagerie\/enfant\/sous-vetement-pyjamas-filles&quot;},{&quot;name&quot;:&quot;V\u00eatements Gar\u00e7ons 2 \u00e0 14 ans&quot;,&quot;code&quot;:&quot;R25F04SF05&quot;,&quot;id&quot;:&quot;26402&quot;,&quot;type&quot;:&quot;RAYON&quot;,&quot;picto&quot;:null,&quot;level&quot;:3,&quot;sellerId&quot;:null,&quot;slug&quot;:&quot;vetements-garcons-2-a-14-ans&quot;,&quot;selected&quot;:false,&quot;children&quot;:[{&quot;name&quot;:&quot;T-shirts et Polos&quot;,&quot;code&quot;:&quot;R25F04SF05SS01&quot;,&quot;id&quot;:&quot;26756&quot;,&quot;type&quot;:&quot;RAYON&quot;,&quot;picto&quot;:null,&quot;level&quot;:4,&quot;sellerId&quot;:null,&quot;slug&quot;:&quot;t-shirts-polos&quot;,&quot;selected&quot;:false,&quot;children&quot;:null,&quot;layers&quot;:&quot;\/navigation\/26756\/layers&quot;,&quot;link&quot;:&quot;\/r\/mode-bagagerie\/enfant\/vetements-garcons-2-a-14-ans\/t-shirts-polos&quot;},{&quot;name&quot;:&quot;Pantalons&quot;,&quot;code&quot;:&quot;R25F04SF05SS03&quot;,&quot;id&quot;:&quot;26758&quot;,&quot;type&quot;:&quot;RAYON&quot;,&quot;picto&quot;:null,&quot;level&quot;:4,&quot;sellerId&quot;:null,&quot;slug&quot;:&quot;pantalons&quot;,&quot;selected&quot;:false,&quot;children&quot;:null,&quot;layers&quot;:&quot;\/navigation\/26758\/layers&quot;,&quot;link&quot;:&quot;\/r\/mode-bagagerie\/enfant\/vetements-garcons-2-a-14-ans\/pantalons&quot;}],&quot;layers&quot;:&quot;\/navigation\/26402\/layers&quot;,&quot;link&quot;:&quot;\/r\/mode-bagagerie\/enfant\/vetements-garcons-2-a-14-ans&quot;},{&quot;name&quot;:&quot;Chaussures Gar\u00e7ons&quot;,&quot;code&quot;:&quot;R25F04SF06&quot;,&quot;id&quot;:&quot;26404&quot;,&quot;type&quot;:&quot;RAYON&quot;,&quot;picto&quot;:null,&quot;level&quot;:3,&quot;sellerId&quot;:null,&quot;slug&quot;:&quot;chaussures-garcons&quot;,&quot;selected&quot;:false,&quot;children&quot;:null,&quot;layers&quot;:&quot;\/navigation\/26404\/layers&quot;,&quot;link&quot;:&quot;\/r\/mode-bagagerie\/enfant\/chaussures-garcons&quot;},{&quot;name&quot;:&quot;Chaussettes Gar\u00e7ons&quot;,&quot;code&quot;:&quot;R25F04SF07&quot;,&quot;id&quot;:&quot;26750&quot;,&quot;type&quot;:&quot;RAYON&quot;,&quot;picto&quot;:null,&quot;level&quot;:3,&quot;sellerId&quot;:null,&quot;slug&quot;:&quot;chaussettes-garcons&quot;,&quot;selected&quot;:false,&quot;children&quot;:null,&quot;layers&quot;:&quot;\/navigation\/26750\/layers&quot;,&quot;link&quot;:&quot;\/r\/mode-bagagerie\/enfant\/chaussettes-garcons&quot;},{&quot;name&quot;:&quot;Sous-v\u00eatements et Pyjamas Gar\u00e7ons&quot;,&quot;code&quot;:&quot;R25F04SF08&quot;,&quot;id&quot;:&quot;26921&quot;,&quot;type&quot;:&quot;RAYON&quot;,&quot;picto&quot;:null,&quot;level&quot;:3,&quot;sellerId&quot;:null,&quot;slug&quot;:&quot;sous-vetements-garcons&quot;,&quot;selected&quot;:false,&quot;children&quot;:[{&quot;name&quot;:&quot;Sous-v\u00eatements&quot;,&quot;code&quot;:&quot;R25F04SF08SS01&quot;,&quot;id&quot;:&quot;26922&quot;,&quot;type&quot;:&quot;RAYON&quot;,&quot;picto&quot;:null,&quot;level&quot;:4,&quot;sellerId&quot;:null,&quot;slug&quot;:&quot;sous-vetements&quot;,&quot;selected&quot;:false,&quot;children&quot;:null,&quot;layers&quot;:&quot;\/navigation\/26922\/layers&quot;,&quot;link&quot;:&quot;\/r\/mode-bagagerie\/enfant\/sous-vetements-garcons\/sous-vetements&quot;},{&quot;name&quot;:&quot;Pyjamas&quot;,&quot;code&quot;:&quot;R25F04SF08SS02&quot;,&quot;id&quot;:&quot;26923&quot;,&quot;type&quot;:&quot;RAYON&quot;,&quot;picto&quot;:null,&quot;level&quot;:4,&quot;sellerId&quot;:null,&quot;slug&quot;:&quot;pyjama&quot;,&quot;selected&quot;:false,&quot;children&quot;:null,&quot;layers&quot;:&quot;\/navigation\/26923\/layers&quot;,&quot;link&quot;:&quot;\/r\/mode-bagagerie\/enfant\/sous-vetements-garcons\/pyjama&quot;}],&quot;layers&quot;:&quot;\/navigation\/26921\/layers&quot;,&quot;link&quot;:&quot;\/r\/mode-bagagerie\/enfant\/sous-vetements-garcons&quot;},{&quot;name&quot;:&quot;Montres Enfant&quot;,&quot;code&quot;:&quot;R25F04SF10&quot;,&quot;id&quot;:&quot;26935&quot;,&quot;type&quot;:&quot;RAYON&quot;,&quot;picto&quot;:null,&quot;level&quot;:3,&quot;sellerId&quot;:null,&quot;slug&quot;:&quot;montre-enfant&quot;,&quot;selected&quot;:false,&quot;children&quot;:null,&quot;layers&quot;:&quot;\/navigation\/26935\/layers&quot;,&quot;link&quot;:&quot;\/r\/mode-bagagerie\/enfant\/montre-enfant&quot;}],&quot;layers&quot;:&quot;\/navigation\/26151\/layers&quot;,&quot;link&quot;:&quot;\/r\/mode-bagagerie\/enfant&quot;},{&quot;name&quot;:&quot;Bagagerie et Maroquinerie&quot;,&quot;code&quot;:&quot;R25F05&quot;,&quot;id&quot;:&quot;26152&quot;,&quot;type&quot;:&quot;RAYON&quot;,&quot;picto&quot;:null,&quot;level&quot;:2,&quot;sellerId&quot;:null,&quot;slug&quot;:&quot;bagagerie-maroquinerie&quot;,&quot;selected&quot;:false,&quot;children&quot;:[{&quot;name&quot;:&quot;Sacs de voyage et sport&quot;,&quot;code&quot;:&quot;R25F05SF03&quot;,&quot;id&quot;:&quot;26408&quot;,&quot;type&quot;:&quot;RAYON&quot;,&quot;picto&quot;:null,&quot;level&quot;:3,&quot;sellerId&quot;:null,&quot;slug&quot;:&quot;sacs-de-voyage-sport&quot;,&quot;selected&quot;:false,&quot;children&quot;:null,&quot;layers&quot;:&quot;\/navigation\/26408\/layers&quot;,&quot;link&quot;:&quot;\/r\/mode-bagagerie\/bagagerie-maroquinerie\/sacs-de-voyage-sport&quot;},{&quot;name&quot;:&quot;Sacs \u00e0 dos et Bananes&quot;,&quot;code&quot;:&quot;R25F05SF04&quot;,&quot;id&quot;:&quot;26409&quot;,&quot;type&quot;:&quot;RAYON&quot;,&quot;picto&quot;:null,&quot;level&quot;:3,&quot;sellerId&quot;:null,&quot;slug&quot;:&quot;sacs-a-dos-et-bananes&quot;,&quot;selected&quot;:false,&quot;children&quot;:null,&quot;layers&quot;:&quot;\/navigation\/26409\/layers&quot;,&quot;link&quot;:&quot;\/r\/mode-bagagerie\/bagagerie-maroquinerie\/sacs-a-dos-et-bananes&quot;},{&quot;name&quot;:&quot;Maroquinerie&quot;,&quot;code&quot;:&quot;R25F05SF05&quot;,&quot;id&quot;:&quot;26410&quot;,&quot;type&quot;:&quot;RAYON&quot;,&quot;picto&quot;:null,&quot;level&quot;:3,&quot;sellerId&quot;:null,&quot;slug&quot;:&quot;maroquinerie&quot;,&quot;selected&quot;:false,&quot;children&quot;:null,&quot;layers&quot;:&quot;\/navigation\/26410\/layers&quot;,&quot;link&quot;:&quot;\/r\/mode-bagagerie\/bagagerie-maroquinerie\/maroquinerie&quot;},{&quot;name&quot;:&quot;Vanity et Accessoires de voyages&quot;,&quot;code&quot;:&quot;R25F05SF06&quot;,&quot;id&quot;:&quot;26411&quot;,&quot;type&quot;:&quot;RAYON&quot;,&quot;picto&quot;:null,&quot;level&quot;:3,&quot;sellerId&quot;:null,&quot;slug&quot;:&quot;vanity-accessoires-voyages&quot;,&quot;selected&quot;:false,&quot;children&quot;:null,&quot;layers&quot;:&quot;\/navigation\/26411\/layers&quot;,&quot;link&quot;:&quot;\/r\/mode-bagagerie\/bagagerie-maroquinerie\/vanity-accessoires-voyages&quot;},{&quot;name&quot;:&quot;Cirages et entretien des chaussures&quot;,&quot;code&quot;:&quot;R25F05SF08&quot;,&quot;id&quot;:&quot;26907&quot;,&quot;type&quot;:&quot;RAYON&quot;,&quot;picto&quot;:null,&quot;level&quot;:3,&quot;sellerId&quot;:null,&quot;slug&quot;:&quot;cirage-entretien-chaussures&quot;,&quot;selected&quot;:false,&quot;children&quot;:null,&quot;layers&quot;:&quot;\/navigation\/26907\/layers&quot;,&quot;link&quot;:&quot;\/r\/mode-bagagerie\/bagagerie-maroquinerie\/cirage-entretien-chaussures&quot;}],&quot;layers&quot;:&quot;\/navigation\/26152\/layers&quot;,&quot;link&quot;:&quot;\/r\/mode-bagagerie\/bagagerie-maroquinerie&quot;}],&quot;layers&quot;:&quot;\/navigation\/26025\/layers&quot;,&quot;link&quot;:&quot;\/r\/mode-bagagerie&quot;},{&quot;name&quot;:&quot;Tout pour des f\u00eates r\u00e9ussies&quot;,&quot;code&quot;:&quot;R29&quot;,&quot;id&quot;:&quot;28641&quot;,&quot;type&quot;:&quot;RAYON&quot;,&quot;picto&quot;:&quot;https:\/\/media.carrefour.fr\/medias\/1226240e13cc3e1ab2ae955943df60e5\/p_96x96\/28641.jpg&quot;,&quot;level&quot;:1,&quot;sellerId&quot;:null,&quot;slug&quot;:&quot;noel&quot;,&quot;selected&quot;:false,&quot;children&quot;:[{&quot;name&quot;:&quot;Repas de F\u00eate&quot;,&quot;code&quot;:&quot;R29F01&quot;,&quot;id&quot;:&quot;28729&quot;,&quot;type&quot;:&quot;RAYON&quot;,&quot;picto&quot;:null,&quot;level&quot;:2,&quot;sellerId&quot;:null,&quot;slug&quot;:&quot;repas-fete&quot;,&quot;selected&quot;:false,&quot;children&quot;:[{&quot;name&quot;:&quot;Saumon, Foie gras et Caviar&quot;,&quot;code&quot;:&quot;R29F01SF02&quot;,&quot;id&quot;:&quot;28752&quot;,&quot;type&quot;:&quot;RAYON&quot;,&quot;picto&quot;:null,&quot;level&quot;:3,&quot;sellerId&quot;:null,&quot;slug&quot;:&quot;saumon-foie-gras-caviar&quot;,&quot;selected&quot;:false,&quot;children&quot;:[{&quot;name&quot;:&quot;Caviar&quot;,&quot;code&quot;:&quot;R29F01SF02SS01&quot;,&quot;id&quot;:&quot;28758&quot;,&quot;type&quot;:&quot;RAYON&quot;,&quot;picto&quot;:null,&quot;level&quot;:4,&quot;sellerId&quot;:null,&quot;slug&quot;:&quot;caviar&quot;,&quot;selected&quot;:false,&quot;children&quot;:null,&quot;layers&quot;:&quot;\/navigation\/28758\/layers&quot;,&quot;link&quot;:&quot;\/r\/noel\/repas-fete\/saumon-foie-gras-caviar\/caviar&quot;},{&quot;name&quot;:&quot;Toast et Canap\u00e9&quot;,&quot;code&quot;:&quot;R29F01SF02SS04&quot;,&quot;id&quot;:&quot;28760&quot;,&quot;type&quot;:&quot;RAYON&quot;,&quot;picto&quot;:null,&quot;level&quot;:4,&quot;sellerId&quot;:null,&quot;slug&quot;:&quot;toast-canape&quot;,&quot;selected&quot;:false,&quot;children&quot;:null,&quot;layers&quot;:&quot;\/navigation\/28760\/layers&quot;,&quot;link&quot;:&quot;\/r\/noel\/repas-fete\/saumon-foie-gras-caviar\/toast-canape&quot;}],&quot;layers&quot;:&quot;\/navigation\/28752\/layers&quot;,&quot;link&quot;:&quot;\/r\/noel\/repas-fete\/saumon-foie-gras-caviar&quot;},{&quot;name&quot;:&quot;Viandes et Volailles&quot;,&quot;code&quot;:&quot;R29F01SF03&quot;,&quot;id&quot;:&quot;28753&quot;,&quot;type&quot;:&quot;RAYON&quot;,&quot;picto&quot;:null,&quot;level&quot;:3,&quot;sellerId&quot;:null,&quot;slug&quot;:&quot;viandes-volailles&quot;,&quot;selected&quot;:false,&quot;children&quot;:[{&quot;name&quot;:&quot;Porc&quot;,&quot;code&quot;:&quot;R29F01SF03SS03&quot;,&quot;id&quot;:&quot;28830&quot;,&quot;type&quot;:&quot;RAYON&quot;,&quot;picto&quot;:null,&quot;level&quot;:4,&quot;sellerId&quot;:null,&quot;slug&quot;:&quot;porc&quot;,&quot;selected&quot;:false,&quot;children&quot;:null,&quot;layers&quot;:&quot;\/navigation\/28830\/layers&quot;,&quot;link&quot;:&quot;\/r\/noel\/repas-fete\/viandes-volailles\/porc&quot;},{&quot;name&quot;:&quot;Boeuf et autres viandes&quot;,&quot;code&quot;:&quot;R29F01SF03SS06&quot;,&quot;id&quot;:&quot;28773&quot;,&quot;type&quot;:&quot;RAYON&quot;,&quot;picto&quot;:null,&quot;level&quot;:4,&quot;sellerId&quot;:null,&quot;slug&quot;:&quot;boeuf&quot;,&quot;selected&quot;:false,&quot;children&quot;:null,&quot;layers&quot;:&quot;\/navigation\/28773\/layers&quot;,&quot;link&quot;:&quot;\/r\/noel\/repas-fete\/viandes-volailles\/boeuf&quot;},{&quot;name&quot;:&quot;Sauces&quot;,&quot;code&quot;:&quot;R29F01SF03SS07&quot;,&quot;id&quot;:&quot;28771&quot;,&quot;type&quot;:&quot;RAYON&quot;,&quot;picto&quot;:null,&quot;level&quot;:4,&quot;sellerId&quot;:null,&quot;slug&quot;:&quot;sauces&quot;,&quot;selected&quot;:false,&quot;children&quot;:null,&quot;layers&quot;:&quot;\/navigation\/28771\/layers&quot;,&quot;link&quot;:&quot;\/r\/noel\/repas-fete\/viandes-volailles\/sauces&quot;},{&quot;name&quot;:&quot;Farces&quot;,&quot;code&quot;:&quot;R29F01SF03SS08&quot;,&quot;id&quot;:&quot;28774&quot;,&quot;type&quot;:&quot;RAYON&quot;,&quot;picto&quot;:null,&quot;level&quot;:4,&quot;sellerId&quot;:null,&quot;slug&quot;:&quot;farces&quot;,&quot;selected&quot;:false,&quot;children&quot;:null,&quot;layers&quot;:&quot;\/navigation\/28774\/layers&quot;,&quot;link&quot;:&quot;\/r\/noel\/repas-fete\/viandes-volailles\/farces&quot;}],&quot;layers&quot;:&quot;\/navigation\/28753\/layers&quot;,&quot;link&quot;:&quot;\/r\/noel\/repas-fete\/viandes-volailles&quot;},{&quot;name&quot;:&quot;Surgel\u00e9s&quot;,&quot;code&quot;:&quot;R29F01SF06&quot;,&quot;id&quot;:&quot;28822&quot;,&quot;type&quot;:&quot;RAYON&quot;,&quot;picto&quot;:null,&quot;level&quot;:3,&quot;sellerId&quot;:null,&quot;slug&quot;:&quot;surgeles&quot;,&quot;selected&quot;:false,&quot;children&quot;:[{&quot;name&quot;:&quot;Ap\u00e9ritifs et Entr\u00e9es&quot;,&quot;code&quot;:&quot;R29F01SF06SS01&quot;,&quot;id&quot;:&quot;28824&quot;,&quot;type&quot;:&quot;RAYON&quot;,&quot;picto&quot;:null,&quot;level&quot;:4,&quot;sellerId&quot;:null,&quot;slug&quot;:&quot;peritifs-entrees&quot;,&quot;selected&quot;:false,&quot;children&quot;:null,&quot;layers&quot;:&quot;\/navigation\/28824\/layers&quot;,&quot;link&quot;:&quot;\/r\/noel\/repas-fete\/surgeles\/peritifs-entrees&quot;},{&quot;name&quot;:&quot;Viandes et Poissons&quot;,&quot;code&quot;:&quot;R29F01SF06SS02&quot;,&quot;id&quot;:&quot;28825&quot;,&quot;type&quot;:&quot;RAYON&quot;,&quot;picto&quot;:null,&quot;level&quot;:4,&quot;sellerId&quot;:null,&quot;slug&quot;:&quot;viandes-poissons&quot;,&quot;selected&quot;:false,&quot;children&quot;:null,&quot;layers&quot;:&quot;\/navigation\/28825\/layers&quot;,&quot;link&quot;:&quot;\/r\/noel\/repas-fete\/surgeles\/viandes-poissons&quot;},{&quot;name&quot;:&quot;L\u00e9gumes et Accompagnements&quot;,&quot;code&quot;:&quot;R29F01SF06SS03&quot;,&quot;id&quot;:&quot;28826&quot;,&quot;type&quot;:&quot;RAYON&quot;,&quot;picto&quot;:null,&quot;level&quot;:4,&quot;sellerId&quot;:null,&quot;slug&quot;:&quot;legumes-accompagnements&quot;,&quot;selected&quot;:false,&quot;children&quot;:null,&quot;layers&quot;:&quot;\/navigation\/28826\/layers&quot;,&quot;link&quot;:&quot;\/r\/noel\/repas-fete\/surgeles\/legumes-accompagnements&quot;},{&quot;name&quot;:&quot;B\u00fbches et Desserts&quot;,&quot;code&quot;:&quot;R29F01SF06SS04&quot;,&quot;id&quot;:&quot;28827&quot;,&quot;type&quot;:&quot;RAYON&quot;,&quot;picto&quot;:null,&quot;level&quot;:4,&quot;sellerId&quot;:null,&quot;slug&quot;:&quot;buches-desserts&quot;,&quot;selected&quot;:false,&quot;children&quot;:null,&quot;layers&quot;:&quot;\/navigation\/28827\/layers&quot;,&quot;link&quot;:&quot;\/r\/noel\/repas-fete\/surgeles\/buches-desserts&quot;}],&quot;layers&quot;:&quot;\/navigation\/28822\/layers&quot;,&quot;link&quot;:&quot;\/r\/noel\/repas-fete\/surgeles&quot;}],&quot;layers&quot;:&quot;\/navigation\/28729\/layers&quot;,&quot;link&quot;:&quot;\/r\/noel\/repas-fete&quot;},{&quot;name&quot;:&quot;D\u00e9coration et Arts de la table&quot;,&quot;code&quot;:&quot;R29F04&quot;,&quot;id&quot;:&quot;28664&quot;,&quot;type&quot;:&quot;RAYON&quot;,&quot;picto&quot;:null,&quot;level&quot;:2,&quot;sellerId&quot;:null,&quot;slug&quot;:&quot;decoration-arts-table&quot;,&quot;selected&quot;:false,&quot;children&quot;:[{&quot;name&quot;:&quot;Sapins&quot;,&quot;code&quot;:&quot;R29F04SF01&quot;,&quot;id&quot;:&quot;28836&quot;,&quot;type&quot;:&quot;RAYON&quot;,&quot;picto&quot;:null,&quot;level&quot;:3,&quot;sellerId&quot;:null,&quot;slug&quot;:&quot;sapin&quot;,&quot;selected&quot;:false,&quot;children&quot;:null,&quot;layers&quot;:&quot;\/navigation\/28836\/layers&quot;,&quot;link&quot;:&quot;\/r\/noel\/decoration-arts-table\/sapin&quot;},{&quot;name&quot;:&quot;D\u00e9coration&quot;,&quot;code&quot;:&quot;R29F04SF02&quot;,&quot;id&quot;:&quot;28676&quot;,&quot;type&quot;:&quot;RAYON&quot;,&quot;picto&quot;:null,&quot;level&quot;:3,&quot;sellerId&quot;:null,&quot;slug&quot;:&quot;decoration&quot;,&quot;selected&quot;:false,&quot;children&quot;:null,&quot;layers&quot;:&quot;\/navigation\/28676\/layers&quot;,&quot;link&quot;:&quot;\/r\/noel\/decoration-arts-table\/decoration&quot;}],&quot;layers&quot;:&quot;\/navigation\/28664\/layers&quot;,&quot;link&quot;:&quot;\/r\/noel\/decoration-arts-table&quot;}],&quot;layers&quot;:&quot;\/navigation\/28641\/layers&quot;,&quot;link&quot;:&quot;\/r\/noel&quot;},{&quot;name&quot;:&quot;Services&quot;,&quot;code&quot;:&quot;services&quot;,&quot;id&quot;:&quot;services&quot;,&quot;type&quot;:&quot;RAYON&quot;,&quot;picto&quot;:&quot;&quot;,&quot;level&quot;:1,&quot;sellerId&quot;:null,&quot;slug&quot;:&quot;&quot;,&quot;selected&quot;:false,&quot;children&quot;:[{&quot;name&quot;:&quot;Banque et Assurance&quot;,&quot;code&quot;:&quot;services0&quot;,&quot;id&quot;:&quot;services0&quot;,&quot;type&quot;:&quot;RAYON&quot;,&quot;picto&quot;:&quot;https:\/\/static-cms.carrefour.fr\/sites\/default\/files\/2018-06\/ic_nav_banque_v2.svg?itok=bB7_w1_q&quot;,&quot;level&quot;:2,&quot;sellerId&quot;:null,&quot;slug&quot;:&quot;&quot;,&quot;selected&quot;:false,&quot;children&quot;:null,&quot;link&quot;:&quot;\/services\/banque-et-assurance&quot;},{&quot;name&quot;:&quot;Spectacles&quot;,&quot;code&quot;:&quot;services1&quot;,&quot;id&quot;:&quot;services1&quot;,&quot;type&quot;:&quot;RAYON&quot;,&quot;picto&quot;:&quot;https:\/\/static-cms.carrefour.fr\/sites\/default\/files\/2018-06\/ic_nav_spectacle_v2.svg?itok=bB7_w1_q&quot;,&quot;level&quot;:2,&quot;sellerId&quot;:null,&quot;slug&quot;:&quot;&quot;,&quot;selected&quot;:false,&quot;target&quot;:&quot;_blank&quot;,&quot;children&quot;:null,&quot;link&quot;:&quot;https:\/\/www.spectacles.carrefour.fr\/?utm_medium=ecosystem_carrefour&amp;utm_source=carrefour&amp;utm_campaign=services&amp;utm_content=10000_idees_de_sorties&quot;},{&quot;name&quot;:&quot;Voyages&quot;,&quot;code&quot;:&quot;services2&quot;,&quot;id&quot;:&quot;services2&quot;,&quot;type&quot;:&quot;RAYON&quot;,&quot;picto&quot;:&quot;https:\/\/static-cms.carrefour.fr\/sites\/default\/files\/2018-06\/ic_voyages_v2.svg?itok=bB7_w1_q&quot;,&quot;level&quot;:2,&quot;sellerId&quot;:null,&quot;slug&quot;:&quot;&quot;,&quot;selected&quot;:false,&quot;target&quot;:&quot;_blank&quot;,&quot;children&quot;:null,&quot;link&quot;:&quot;https:\/\/voyages.carrefour.fr\/?utm_source=one_services&amp;utm_medium=carrefour&amp;utm_campaign=carrefour_one&quot;},{&quot;name&quot;:&quot;Location&quot;,&quot;code&quot;:&quot;services3&quot;,&quot;id&quot;:&quot;services3&quot;,&quot;type&quot;:&quot;RAYON&quot;,&quot;picto&quot;:&quot;https:\/\/static-cms.carrefour.fr\/sites\/default\/files\/2018-06\/ic_nav_location_v2.svg?itok=bB7_w1_q&quot;,&quot;level&quot;:2,&quot;sellerId&quot;:null,&quot;slug&quot;:&quot;&quot;,&quot;selected&quot;:false,&quot;children&quot;:null,&quot;link&quot;:&quot;\/services\/carrefour-location&quot;},{&quot;name&quot;:&quot;Carte PASS&quot;,&quot;code&quot;:&quot;services4&quot;,&quot;id&quot;:&quot;services4&quot;,&quot;type&quot;:&quot;RAYON&quot;,&quot;picto&quot;:&quot;https:\/\/static-cms.carrefour.fr\/sites\/default\/files\/2019-10\/ic_nav_cartepass.svg?itok=bB7_w1_q&quot;,&quot;level&quot;:2,&quot;sellerId&quot;:null,&quot;slug&quot;:&quot;&quot;,&quot;selected&quot;:false,&quot;children&quot;:null,&quot;link&quot;:&quot;\/services\/carte-pass&quot;},{&quot;name&quot;:&quot;Carte Carrefour&quot;,&quot;code&quot;:&quot;services5&quot;,&quot;id&quot;:&quot;services5&quot;,&quot;type&quot;:&quot;RAYON&quot;,&quot;picto&quot;:&quot;https:\/\/static-cms.carrefour.fr\/sites\/default\/files\/2018-06\/ic_nav_carte_carrefour_v2.svg?itok=bB7_w1_q&quot;,&quot;level&quot;:2,&quot;sellerId&quot;:null,&quot;slug&quot;:&quot;&quot;,&quot;selected&quot;:false,&quot;children&quot;:null,&quot;link&quot;:&quot;\/services\/carte-carrefour&quot;},{&quot;name&quot;:&quot;Commande Traiteur&quot;,&quot;code&quot;:&quot;services6&quot;,&quot;id&quot;:&quot;services6&quot;,&quot;type&quot;:&quot;RAYON&quot;,&quot;picto&quot;:&quot;https:\/\/static-cms.carrefour.fr\/sites\/default\/files\/2018-06\/ic_nav_traiteur_v2.svg?itok=bB7_w1_q&quot;,&quot;level&quot;:2,&quot;sellerId&quot;:null,&quot;slug&quot;:&quot;&quot;,&quot;selected&quot;:false,&quot;children&quot;:null,&quot;link&quot;:&quot;\/services\/traiteur-en-ligne&quot;},{&quot;name&quot;:&quot;Quitoque&quot;,&quot;code&quot;:&quot;services7&quot;,&quot;id&quot;:&quot;services7&quot;,&quot;type&quot;:&quot;RAYON&quot;,&quot;picto&quot;:&quot;https:\/\/static-cms.carrefour.fr\/sites\/default\/files\/2018-07\/ic_nav_quitoque.svg?itok=bB7_w1_q&quot;,&quot;level&quot;:2,&quot;sellerId&quot;:null,&quot;slug&quot;:&quot;&quot;,&quot;selected&quot;:false,&quot;children&quot;:null,&quot;link&quot;:&quot;\/services\/quitoque&quot;},{&quot;name&quot;:&quot;Fioul Domestique&quot;,&quot;code&quot;:&quot;services8&quot;,&quot;id&quot;:&quot;services8&quot;,&quot;type&quot;:&quot;RAYON&quot;,&quot;picto&quot;:&quot;https:\/\/static-cms.carrefour.fr\/sites\/default\/files\/2018-06\/ic_nav_fioul_domestique_v2.svg?itok=bB7_w1_q&quot;,&quot;level&quot;:2,&quot;sellerId&quot;:null,&quot;slug&quot;:&quot;&quot;,&quot;selected&quot;:false,&quot;children&quot;:null,&quot;link&quot;:&quot;\/services\/fioul-domestique&quot;},{&quot;name&quot;:&quot;Prime Eco Travaux&quot;,&quot;code&quot;:&quot;services9&quot;,&quot;id&quot;:&quot;services9&quot;,&quot;type&quot;:&quot;RAYON&quot;,&quot;picto&quot;:&quot;https:\/\/static-cms.carrefour.fr\/sites\/default\/files\/2020-01\/ic_nav_bricolage_domo.svg?itok=bB7_w1_q&quot;,&quot;level&quot;:2,&quot;sellerId&quot;:null,&quot;slug&quot;:&quot;&quot;,&quot;selected&quot;:false,&quot;target&quot;:&quot;_blank&quot;,&quot;children&quot;:null,&quot;link&quot;:&quot;https:\/\/www.prime-eco-travaux-carrefour.fr\/&quot;},{&quot;name&quot;:&quot;Carte Carburant pros&quot;,&quot;code&quot;:&quot;services10&quot;,&quot;id&quot;:&quot;services10&quot;,&quot;type&quot;:&quot;RAYON&quot;,&quot;picto&quot;:&quot;https:\/\/static-cms.carrefour.fr\/sites\/default\/files\/2020-01\/ic_nav_fioul_domestique.svg?itok=bB7_w1_q&quot;,&quot;level&quot;:2,&quot;sellerId&quot;:null,&quot;slug&quot;:&quot;&quot;,&quot;selected&quot;:false,&quot;target&quot;:&quot;_blank&quot;,&quot;children&quot;:null,&quot;link&quot;:&quot;https:\/\/carte-carburant.carrefour.fr\/&quot;}],&quot;link&quot;:&quot;\/services&quot;}]"
  :navigation-items="[{&quot;name&quot;:&quot;Boissons&quot;,&quot;code&quot;:&quot;R10&quot;,&quot;id&quot;:&quot;27070&quot;,&quot;type&quot;:&quot;RAYON&quot;,&quot;picto&quot;:&quot;https:\/\/media.carrefour.fr\/medias\/5994db3414e934f68edcb2a3cd59ba20\/p_96x96\/27070.jpg&quot;,&quot;level&quot;:1,&quot;sellerId&quot;:null,&quot;slug&quot;:&quot;boissons&quot;,&quot;selected&quot;:false,&quot;children&quot;:[{&quot;name&quot;:&quot;Champagnes et P\u00e9tillants&quot;,&quot;code&quot;:&quot;R10F01&quot;,&quot;id&quot;:&quot;27075&quot;,&quot;type&quot;:&quot;RAYON&quot;,&quot;picto&quot;:null,&quot;level&quot;:2,&quot;sellerId&quot;:null,&quot;slug&quot;:&quot;champagnes-petillants&quot;,&quot;selected&quot;:false,&quot;children&quot;:[],&quot;layers&quot;:&quot;\/navigation\/27075\/layers&quot;,&quot;link&quot;:&quot;\/r\/boissons\/champagnes-petillants&quot;},{&quot;name&quot;:&quot;Cave \u00e0 vins&quot;,&quot;code&quot;:&quot;R10F02&quot;,&quot;id&quot;:&quot;27074&quot;,&quot;type&quot;:&quot;RAYON&quot;,&quot;picto&quot;:null,&quot;level&quot;:2,&quot;sellerId&quot;:null,&quot;slug&quot;:&quot;cave-a-vins&quot;,&quot;selected&quot;:false,&quot;children&quot;:[],&quot;layers&quot;:&quot;\/navigation\/27074\/layers&quot;,&quot;link&quot;:&quot;\/r\/boissons\/cave-a-vins&quot;},{&quot;name&quot;:&quot;Bi\u00e8res et Cidres&quot;,&quot;code&quot;:&quot;R10F03&quot;,&quot;id&quot;:&quot;27076&quot;,&quot;type&quot;:&quot;RAYON&quot;,&quot;picto&quot;:null,&quot;level&quot;:2,&quot;sellerId&quot;:null,&quot;slug&quot;:&quot;bieres-cidres&quot;,&quot;selected&quot;:false,&quot;children&quot;:[],&quot;layers&quot;:&quot;\/navigation\/27076\/layers&quot;,&quot;link&quot;:&quot;\/r\/boissons\/bieres-cidres&quot;},{&quot;name&quot;:&quot;Ap\u00e9ritifs et Spiritueux&quot;,&quot;code&quot;:&quot;R10F04&quot;,&quot;id&quot;:&quot;27077&quot;,&quot;type&quot;:&quot;RAYON&quot;,&quot;picto&quot;:null,&quot;level&quot;:2,&quot;sellerId&quot;:null,&quot;slug&quot;:&quot;aperitifs-et-spiritueux&quot;,&quot;selected&quot;:false,&quot;children&quot;:[],&quot;layers&quot;:&quot;\/navigation\/27077\/layers&quot;,&quot;link&quot;:&quot;\/r\/boissons\/aperitifs-et-spiritueux&quot;},{&quot;name&quot;:&quot;Eaux&quot;,&quot;code&quot;:&quot;R10F05&quot;,&quot;id&quot;:&quot;27071&quot;,&quot;type&quot;:&quot;RAYON&quot;,&quot;picto&quot;:null,&quot;level&quot;:2,&quot;sellerId&quot;:null,&quot;slug&quot;:&quot;eaux&quot;,&quot;selected&quot;:false,&quot;children&quot;:[],&quot;layers&quot;:&quot;\/navigation\/27071\/layers&quot;,&quot;link&quot;:&quot;\/r\/boissons\/eaux&quot;},{&quot;name&quot;:&quot;Jus de fruits et L\u00e9gumes&quot;,&quot;code&quot;:&quot;R10F06&quot;,&quot;id&quot;:&quot;27072&quot;,&quot;type&quot;:&quot;RAYON&quot;,&quot;picto&quot;:null,&quot;level&quot;:2,&quot;sellerId&quot;:null,&quot;slug&quot;:&quot;jus-fruits-legumes&quot;,&quot;selected&quot;:false,&quot;children&quot;:[],&quot;layers&quot;:&quot;\/navigation\/27072\/layers&quot;,&quot;link&quot;:&quot;\/r\/boissons\/jus-fruits-legumes&quot;},{&quot;name&quot;:&quot;Colas, Th\u00e9s glac\u00e9s et Softs&quot;,&quot;code&quot;:&quot;R10F07&quot;,&quot;id&quot;:&quot;27073&quot;,&quot;type&quot;:&quot;RAYON&quot;,&quot;picto&quot;:null,&quot;level&quot;:2,&quot;sellerId&quot;:null,&quot;slug&quot;:&quot;colas-thes-glaces-et-soft-drinks&quot;,&quot;selected&quot;:false,&quot;children&quot;:[],&quot;layers&quot;:&quot;\/navigation\/27073\/layers&quot;,&quot;link&quot;:&quot;\/r\/boissons\/colas-thes-glaces-et-soft-drinks&quot;}],&quot;layers&quot;:&quot;\/navigation\/27070\/layers&quot;,&quot;link&quot;:&quot;\/r\/boissons&quot;},{&quot;name&quot;:&quot;Cave \u00e0 vins&quot;,&quot;code&quot;:&quot;R10F02&quot;,&quot;id&quot;:&quot;27074&quot;,&quot;type&quot;:&quot;RAYON&quot;,&quot;picto&quot;:null,&quot;level&quot;:2,&quot;sellerId&quot;:null,&quot;slug&quot;:&quot;cave-a-vins&quot;,&quot;selected&quot;:false,&quot;children&quot;:[{&quot;name&quot;:&quot;Vins rouges&quot;,&quot;code&quot;:&quot;R10F02SF01&quot;,&quot;id&quot;:&quot;27105&quot;,&quot;type&quot;:&quot;RAYON&quot;,&quot;picto&quot;:null,&quot;level&quot;:3,&quot;sellerId&quot;:null,&quot;slug&quot;:&quot;vins-rouges&quot;,&quot;selected&quot;:false,&quot;children&quot;:[],&quot;layers&quot;:&quot;\/navigation\/27105\/layers&quot;,&quot;link&quot;:&quot;\/r\/boissons\/cave-a-vins\/vins-rouges&quot;},{&quot;name&quot;:&quot;Vins blancs&quot;,&quot;code&quot;:&quot;R10F02SF02&quot;,&quot;id&quot;:&quot;27106&quot;,&quot;type&quot;:&quot;RAYON&quot;,&quot;picto&quot;:null,&quot;level&quot;:3,&quot;sellerId&quot;:null,&quot;slug&quot;:&quot;vins-blancs&quot;,&quot;selected&quot;:false,&quot;children&quot;:[],&quot;layers&quot;:&quot;\/navigation\/27106\/layers&quot;,&quot;link&quot;:&quot;\/r\/boissons\/cave-a-vins\/vins-blancs&quot;},{&quot;name&quot;:&quot;Vins ros\u00e9s&quot;,&quot;code&quot;:&quot;R10F02SF03&quot;,&quot;id&quot;:&quot;27107&quot;,&quot;type&quot;:&quot;RAYON&quot;,&quot;picto&quot;:null,&quot;level&quot;:3,&quot;sellerId&quot;:null,&quot;slug&quot;:&quot;vins-roses&quot;,&quot;selected&quot;:false,&quot;children&quot;:[],&quot;layers&quot;:&quot;\/navigation\/27107\/layers&quot;,&quot;link&quot;:&quot;\/r\/boissons\/cave-a-vins\/vins-roses&quot;},{&quot;name&quot;:&quot;Vins \u00e9trangers&quot;,&quot;code&quot;:&quot;R10F02SF04&quot;,&quot;id&quot;:&quot;27139&quot;,&quot;type&quot;:&quot;RAYON&quot;,&quot;picto&quot;:null,&quot;level&quot;:3,&quot;sellerId&quot;:null,&quot;slug&quot;:&quot;vins-etrangers&quot;,&quot;selected&quot;:false,&quot;children&quot;:null,&quot;layers&quot;:&quot;\/navigation\/27139\/layers&quot;,&quot;link&quot;:&quot;\/r\/boissons\/cave-a-vins\/vins-etrangers&quot;},{&quot;name&quot;:&quot;Fontaines \u00e0 vins&quot;,&quot;code&quot;:&quot;R10F02SF05&quot;,&quot;id&quot;:&quot;27140&quot;,&quot;type&quot;:&quot;RAYON&quot;,&quot;picto&quot;:null,&quot;level&quot;:3,&quot;sellerId&quot;:null,&quot;slug&quot;:&quot;fontaines-vins&quot;,&quot;selected&quot;:false,&quot;children&quot;:null,&quot;layers&quot;:&quot;\/navigation\/27140\/layers&quot;,&quot;link&quot;:&quot;\/r\/boissons\/cave-a-vins\/fontaines-vins&quot;}],&quot;layers&quot;:&quot;\/navigation\/27074\/layers&quot;,&quot;link&quot;:&quot;\/r\/boissons\/cave-a-vins&quot;}]"
  :breadcrumb="[{&quot;id&quot;:&quot;27070&quot;,&quot;code&quot;:&quot;R10&quot;,&quot;slug&quot;:&quot;boissons&quot;,&quot;label&quot;:&quot;Boissons&quot;,&quot;uri&quot;:&quot;boissons&quot;,&quot;type&quot;:&quot;RAYON&quot;,&quot;level&quot;:1,&quot;sellerId&quot;:null,&quot;link&quot;:&quot;\/r\/boissons&quot;},{&quot;id&quot;:&quot;27074&quot;,&quot;code&quot;:&quot;R10F02&quot;,&quot;slug&quot;:&quot;cave-a-vins&quot;,&quot;label&quot;:&quot;Cave \u00e0 vins&quot;,&quot;uri&quot;:&quot;boissons\/cave-a-vins&quot;,&quot;type&quot;:&quot;RAYON&quot;,&quot;level&quot;:2,&quot;sellerId&quot;:null,&quot;link&quot;:&quot;\/r\/boissons\/cave-a-vins&quot;}]"
  current-nav="Cave à vins">

      <div class="plp-nav__wrap plp-nav__twig-only">
      
<div
  is="ds-carousel"
  class="ds-carousel ds-carousel--clip"
  progress=""
  :gutters="false"
  :clip="true"
  content-sizing="auto"
>
  
          
            
<a class="pl-link pl-link--size-m plp-nav__link plp-nav__link--current"
        >
      Cave à vins
  </a>

          
                           
<a class="pl-link pl-link--size-m pl-link--active plp-nav__link "
   href="/r/boissons/cave-a-vins/vins-rouges"       >
      Vins rouges
  </a>
                           
<a class="pl-link pl-link--size-m pl-link--active plp-nav__link "
   href="/r/boissons/cave-a-vins/vins-blancs"       >
      Vins blancs
  </a>
                           
<a class="pl-link pl-link--size-m pl-link--active plp-nav__link "
   href="/r/boissons/cave-a-vins/vins-roses"       >
      Vins rosés
  </a>
                           
<a class="pl-link pl-link--size-m pl-link--active plp-nav__link "
   href="/r/boissons/cave-a-vins/vins-etrangers"       >
      Vins étrangers
  </a>
                           
<a class="pl-link pl-link--size-m pl-link--active plp-nav__link "
   href="/r/boissons/cave-a-vins/fontaines-vins"       >
      Fontaines à vins
  </a>
          
        </div>
    </div>
  </div>
        </div>
  <div class="side-template__wrapper" id="products">
    <aside class="side-template-panel">
  
<div
  is="drawer"
  class=" drawer drawer--desktop-static drawer--medium drawer--full-screen drawer--left"
  id="rayons"
  :close-button="false"
  >
    
      
    </div>

  
<div
  is="drawer"
  class=" drawer drawer--desktop-static drawer--medium drawer--full-screen drawer--right"
  id="filters"
  :close-button="false"
  >
    
                                
<form class="search-navigation" is="search-navigation" plp-checkbox-uid="product-listing-page__checkbox" zone="product-list" action="/r/boissons/cave-a-vins" method="get">
  <h3 class="title search-navigation__title">
  Affiner
</h3>

      <ul class="search-navigation__items">          <li>
            
<div class="filters-group">
  <fieldset class="filters-group__fieldset">
          <legend class="filters-group__label filters-group__label--opened">Promotions</legend>
        <div class="filters-group__container">
                        
<div class="filters-checkbox">
    <ul class="filters-checkbox__options">
          <li class="filters-checkbox__option">
                        <div class="checkbox">
    <input
    type="checkbox"
    name="filters[facet_promotions][]"
    value="Toutes les promotions"
    id="cb_267620797"
          />
  <label for="cb_267620797">          <span>Toutes les promotions</span>
          <span><span class="badge">
  961
</span>
</span>
        </label>
</div>
      </li>
          <li class="filters-checkbox__option">
                        <div class="checkbox">
    <input
    type="checkbox"
    name="filters[facet_promotions][]"
    value="Remises immédiates"
    id="cb_472837244"
          />
  <label for="cb_472837244">          <span>Remises immédiates</span>
          <span><span class="badge">
  960
</span>
</span>
        </label>
</div>
      </li>
          <li class="filters-checkbox__option">
                        <div class="checkbox">
    <input
    type="checkbox"
    name="filters[facet_promotions][]"
    value="Cagnotte fidélité"
    id="cb_2105879244"
          />
  <label for="cb_2105879244">          <span>Cagnotte fidélité</span>
          <span><span class="badge">
  1
</span>
</span>
        </label>
</div>
      </li>
          <li class="filters-checkbox__option">
                        <div class="checkbox">
    <input
    type="checkbox"
    name="filters[facet_promotions][]"
    value="Vu en catalogue"
    id="cb_1089079604"
          />
  <label for="cb_1089079604">          <span>Vu en catalogue</span>
          <span><span class="badge">
  37
</span>
</span>
        </label>
</div>
      </li>
          <li class="filters-checkbox__option">
                        <div class="checkbox">
    <input
    type="checkbox"
    name="filters[facet_promotions][]"
    value="Prime bio"
    id="cb_486054744"
          />
  <label for="cb_486054744">          <span>Prime bio</span>
          <span><span class="badge">
  3
</span>
</span>
        </label>
</div>
      </li>
      </ul>
  </div>
                        </div>
  </fieldset>
</div>
          </li>
                  <li>
            
<div class="filters-group">
  <fieldset class="filters-group__fieldset">
          <legend class="filters-group__label filters-group__label--opened">Marque</legend>
        <div class="filters-group__container">
                        
<div class="filters-checkbox">
      <div class="filters-checkbox__search">
      <input
  type="text"
        placeholder="Marques..."  autocomplete="on"
      class="filters-checkbox__search-input"    />
    </div>
    <ul class="filters-checkbox__options">
          <li class="filters-checkbox__option">
                        <div class="checkbox">
    <input
    type="checkbox"
    name="filters[facet_marque][]"
    value="CARREFOUR"
    id="cb_2074773718"
          />
  <label for="cb_2074773718">          <span>CARREFOUR</span>
          <span><span class="badge">
  4
</span>
</span>
        </label>
</div>
      </li>
          <li class="filters-checkbox__option">
                        <div class="checkbox">
    <input
    type="checkbox"
    name="filters[facet_marque][]"
    value="MARQUE INCONNUE"
    id="cb_145569976"
          />
  <label for="cb_145569976">          <span>MARQUE INCONNUE</span>
          <span><span class="badge">
  1599
</span>
</span>
        </label>
</div>
      </li>
          <li class="filters-checkbox__option">
                        <div class="checkbox">
    <input
    type="checkbox"
    name="filters[facet_marque][]"
    value="LA CAVE D&#039;AUGUSTIN FLORENT"
    id="cb_644082486"
          />
  <label for="cb_644082486">          <span>LA CAVE D&#039;AUGUSTIN FLORENT</span>
          <span><span class="badge">
  60
</span>
</span>
        </label>
</div>
      </li>
          <li class="filters-checkbox__option">
                        <div class="checkbox">
    <input
    type="checkbox"
    name="filters[facet_marque][]"
    value="JEMANGEFRANÇAIS.COM"
    id="cb_280342608"
          />
  <label for="cb_280342608">          <span>JEMANGEFRANÇAIS.COM</span>
          <span><span class="badge">
  30
</span>
</span>
        </label>
</div>
      </li>
          <li class="filters-checkbox__option">
                        <div class="checkbox">
    <input
    type="checkbox"
    name="filters[facet_marque][]"
    value="1964"
    id="cb_1082457126"
          />
  <label for="cb_1082457126">          <span>1964</span>
          <span><span class="badge">
  22
</span>
</span>
        </label>
</div>
      </li>
      </ul>
      <button class="filters-checkbox__expand">
      Voir plus
    </button>
  </div>
                        </div>
  </fieldset>
</div>
          </li>
                  <li>
            
<div class="filters-group">
  <fieldset class="filters-group__fieldset">
          <legend class="filters-group__label filters-group__label--opened">Services</legend>
        <div class="filters-group__container">
                        
<div class="filters-checkbox">
    <ul class="filters-checkbox__options">
          <li class="filters-checkbox__option">
                        <div class="checkbox">
    <input
    type="checkbox"
    name="filters[facet_enseignes][]"
    value="Vendeurs partenaires"
    id="cb_673988994"
          />
  <label for="cb_673988994">          <span>Vendeurs partenaires</span>
          <span><span class="badge">
  3591
</span>
</span>
        </label>
</div>
      </li>
          <li class="filters-checkbox__option">
                        <div class="checkbox">
    <input
    type="checkbox"
    name="filters[facet_enseignes][]"
    value="Drive ou livraison à domicile"
    id="cb_1224069791"
          />
  <label for="cb_1224069791">          <span>Drive ou livraison à domicile</span>
          <span><span class="badge">
  1064
</span>
</span>
        </label>
</div>
      </li>
      </ul>
  </div>
                        </div>
  </fieldset>
</div>
          </li>
                  <li>
            
<div class="filters-group">
  <fieldset class="filters-group__fieldset">
          <legend class="filters-group__label filters-group__label--opened">Couleur</legend>
        <div class="filters-group__container">
                        
<div class="filters-checkbox">
    <ul class="filters-checkbox__options">
          <li class="filters-checkbox__option">
                        <div class="checkbox">
    <input
    type="checkbox"
    name="filters[facet_couleur][]"
    value="rouge"
    id="cb_1616426022"
          />
  <label for="cb_1616426022">          <span>rouge</span>
          <span><span class="badge">
  2465
</span>
</span>
        </label>
</div>
      </li>
          <li class="filters-checkbox__option">
                        <div class="checkbox">
    <input
    type="checkbox"
    name="filters[facet_couleur][]"
    value="Blanc"
    id="cb_896991472"
          />
  <label for="cb_896991472">          <span>Blanc</span>
          <span><span class="badge">
  977
</span>
</span>
        </label>
</div>
      </li>
          <li class="filters-checkbox__option">
                        <div class="checkbox">
    <input
    type="checkbox"
    name="filters[facet_couleur][]"
    value="Rouge"
    id="cb_1974628811"
          />
  <label for="cb_1974628811">          <span>Rouge</span>
          <span><span class="badge">
  322
</span>
</span>
        </label>
</div>
      </li>
          <li class="filters-checkbox__option">
                        <div class="checkbox">
    <input
    type="checkbox"
    name="filters[facet_couleur][]"
    value="rose"
    id="cb_1040466608"
          />
  <label for="cb_1040466608">          <span>rose</span>
          <span><span class="badge">
  194
</span>
</span>
        </label>
</div>
      </li>
          <li class="filters-checkbox__option">
                        <div class="checkbox">
    <input
    type="checkbox"
    name="filters[facet_couleur][]"
    value="Rosé"
    id="cb_832272109"
          />
  <label for="cb_832272109">          <span>Rosé</span>
          <span><span class="badge">
  168
</span>
</span>
        </label>
</div>
      </li>
      </ul>
      <button class="filters-checkbox__expand">
      Voir plus
    </button>
  </div>
                        </div>
  </fieldset>
</div>
          </li>
                  <li>
            
<div class="filters-group">
  <fieldset class="filters-group__fieldset">
          <legend class="filters-group__label filters-group__label--opened">Préférences alimentaires</legend>
        <div class="filters-group__container">
                        
<div class="filters-checkbox">
    <ul class="filters-checkbox__options">
          <li class="filters-checkbox__option">
                        <div class="checkbox">
    <input
    type="checkbox"
    name="filters[facet_regimes_allergobox][]"
    value="Végétarien*"
    id="cb_330580748"
          />
  <label for="cb_330580748">          <span>Végétarien*</span>
          <span><span class="badge">
  5
</span>
</span>
        </label>
</div>
      </li>
          <li class="filters-checkbox__option">
                        <div class="checkbox">
    <input
    type="checkbox"
    name="filters[facet_regimes_allergobox][]"
    value="Halal*"
    id="cb_519138045"
          />
  <label for="cb_519138045">          <span>Halal*</span>
          <span><span class="badge">
  2
</span>
</span>
        </label>
</div>
      </li>
      </ul>
  </div>
                        </div>
  </fieldset>
</div>
          </li>
                  <li>
            
<div class="filters-group">
  <fieldset class="filters-group__fieldset">
          <legend class="filters-group__label filters-group__label--opened">Allergènes</legend>
        <div class="filters-group__container">
                        
<div class="filters-checkbox">
    <ul class="filters-checkbox__options">
          <li class="filters-checkbox__option">
                        <div class="checkbox">
    <input
    type="checkbox"
    name="filters[facet_sans_allergene_allergobox][]"
    value="Sans gluten*"
    id="cb_1846022158"
          />
  <label for="cb_1846022158">          <span>Sans gluten*</span>
          <span><span class="badge">
  134
</span>
</span>
        </label>
</div>
      </li>
      </ul>
  </div>
                        </div>
  </fieldset>
</div>
          </li>
                  <li>
            
<div class="filters-group">
  <fieldset class="filters-group__fieldset">
          <legend class="filters-group__label filters-group__label--opened">Labels qualité</legend>
        <div class="filters-group__container">
                        
<div class="filters-checkbox">
    <ul class="filters-checkbox__options">
          <li class="filters-checkbox__option">
                        <div class="checkbox">
    <input
    type="checkbox"
    name="filters[facet_labels_allergobox][]"
    value="Indication géographique protégée*"
    id="cb_1382621227"
          />
  <label for="cb_1382621227">          <span>Indication géographique protégée*</span>
          <span><span class="badge">
  123
</span>
</span>
        </label>
</div>
      </li>
          <li class="filters-checkbox__option">
                        <div class="checkbox">
    <input
    type="checkbox"
    name="filters[facet_labels_allergobox][]"
    value="Bio*"
    id="cb_979115828"
          />
  <label for="cb_979115828">          <span>Bio*</span>
          <span><span class="badge">
  108
</span>
</span>
        </label>
</div>
      </li>
          <li class="filters-checkbox__option">
                        <div class="checkbox">
    <input
    type="checkbox"
    name="filters[facet_labels_allergobox][]"
    value="Appellation d&#039;origine protégée*"
    id="cb_836379983"
          />
  <label for="cb_836379983">          <span>Appellation d&#039;origine protégée*</span>
          <span><span class="badge">
  87
</span>
</span>
        </label>
</div>
      </li>
          <li class="filters-checkbox__option">
                        <div class="checkbox">
    <input
    type="checkbox"
    name="filters[facet_labels_allergobox][]"
    value="Fabriqué en France*"
    id="cb_1023912479"
          />
  <label for="cb_1023912479">          <span>Fabriqué en France*</span>
          <span><span class="badge">
  46
</span>
</span>
        </label>
</div>
      </li>
      </ul>
  </div>
                        </div>
  </fieldset>
</div>
          </li>
                  <li>
            
<div class="filters-group">
  <fieldset class="filters-group__fieldset">
          <legend class="filters-group__label filters-group__label--opened">Sans substances controversées</legend>
        <div class="filters-group__container">
                        
<div class="filters-checkbox">
    <ul class="filters-checkbox__options">
          <li class="filters-checkbox__option">
                        <div class="checkbox">
    <input
    type="checkbox"
    name="filters[facet_sans_substances_allergobox][]"
    value="Sans OGM*"
    id="cb_1174688473"
          />
  <label for="cb_1174688473">          <span>Sans OGM*</span>
          <span><span class="badge">
  10
</span>
</span>
        </label>
</div>
      </li>
          <li class="filters-checkbox__option">
                        <div class="checkbox">
    <input
    type="checkbox"
    name="filters[facet_sans_substances_allergobox][]"
    value="Sans colorant artificiel*"
    id="cb_311274238"
          />
  <label for="cb_311274238">          <span>Sans colorant artificiel*</span>
          <span><span class="badge">
  5
</span>
</span>
        </label>
</div>
      </li>
      </ul>
  </div>
                        </div>
  </fieldset>
</div>
          </li>
                  <li>
            
<div class="filters-group">
  <fieldset class="filters-group__fieldset">
          <legend class="filters-group__label filters-group__label--opened">Nutriscore</legend>
        <div class="filters-group__container">
                        
<div class="filters-checkbox">
    <ul class="filters-checkbox__options">
          <li class="filters-checkbox__option">
                        <div class="checkbox">
    <input
    type="checkbox"
    name="filters[facet_nutriscore][]"
    value="A"
    id="cb_1955533218"
          />
  <label for="cb_1955533218">          <span>A</span>
          <span><span class="badge">
  8
</span>
</span>
        </label>
</div>
      </li>
          <li class="filters-checkbox__option">
                        <div class="checkbox">
    <input
    type="checkbox"
    name="filters[facet_nutriscore][]"
    value="B"
    id="cb_2026519792"
          />
  <label for="cb_2026519792">          <span>B</span>
          <span><span class="badge">
  2
</span>
</span>
        </label>
</div>
      </li>
          <li class="filters-checkbox__option">
                        <div class="checkbox">
    <input
    type="checkbox"
    name="filters[facet_nutriscore][]"
    value="E"
    id="cb_151248009"
          />
  <label for="cb_151248009">          <span>E</span>
          <span><span class="badge">
  1
</span>
</span>
        </label>
</div>
      </li>
      </ul>
  </div>
                        </div>
  </fieldset>
</div>
          </li>
                  <li>
            
<div class="filters-group">
  <fieldset class="filters-group__fieldset">
          <legend class="filters-group__label filters-group__label--opened">Région</legend>
        <div class="filters-group__container">
                        
<div class="filters-checkbox">
    <ul class="filters-checkbox__options">
          <li class="filters-checkbox__option">
                        <div class="checkbox">
    <input
    type="checkbox"
    name="filters[facet_region_vin][]"
    value="Bordeaux"
    id="cb_22018345"
          />
  <label for="cb_22018345">          <span>Bordeaux</span>
          <span><span class="badge">
  165
</span>
</span>
        </label>
</div>
      </li>
          <li class="filters-checkbox__option">
                        <div class="checkbox">
    <input
    type="checkbox"
    name="filters[facet_region_vin][]"
    value="Sud-Ouest"
    id="cb_1301914490"
          />
  <label for="cb_1301914490">          <span>Sud-Ouest</span>
          <span><span class="badge">
  120
</span>
</span>
        </label>
</div>
      </li>
          <li class="filters-checkbox__option">
                        <div class="checkbox">
    <input
    type="checkbox"
    name="filters[facet_region_vin][]"
    value="Bourgogne"
    id="cb_1882913132"
          />
  <label for="cb_1882913132">          <span>Bourgogne</span>
          <span><span class="badge">
  99
</span>
</span>
        </label>
</div>
      </li>
          <li class="filters-checkbox__option">
                        <div class="checkbox">
    <input
    type="checkbox"
    name="filters[facet_region_vin][]"
    value="Rhône"
    id="cb_170030461"
          />
  <label for="cb_170030461">          <span>Rhône</span>
          <span><span class="badge">
  99
</span>
</span>
        </label>
</div>
      </li>
          <li class="filters-checkbox__option">
                        <div class="checkbox">
    <input
    type="checkbox"
    name="filters[facet_region_vin][]"
    value="Languedoc - Roussillon"
    id="cb_1527434173"
          />
  <label for="cb_1527434173">          <span>Languedoc - Roussillon</span>
          <span><span class="badge">
  90
</span>
</span>
        </label>
</div>
      </li>
      </ul>
      <button class="filters-checkbox__expand">
      Voir plus
    </button>
  </div>
                        </div>
  </fieldset>
</div>
          </li>
                  <li>
            
<div class="filters-group">
  <fieldset class="filters-group__fieldset">
          <legend class="filters-group__label filters-group__label--opened">Appellation</legend>
        <div class="filters-group__container">
                        
<div class="filters-checkbox">
    <ul class="filters-checkbox__options">
          <li class="filters-checkbox__option">
                        <div class="checkbox">
    <input
    type="checkbox"
    name="filters[facet_appellation][]"
    value="Bordeaux"
    id="cb_2073911585"
          />
  <label for="cb_2073911585">          <span>Bordeaux</span>
          <span><span class="badge">
  59
</span>
</span>
        </label>
</div>
      </li>
          <li class="filters-checkbox__option">
                        <div class="checkbox">
    <input
    type="checkbox"
    name="filters[facet_appellation][]"
    value="Saint-Emilion"
    id="cb_349832629"
          />
  <label for="cb_349832629">          <span>Saint-Emilion</span>
          <span><span class="badge">
  21
</span>
</span>
        </label>
</div>
      </li>
          <li class="filters-checkbox__option">
                        <div class="checkbox">
    <input
    type="checkbox"
    name="filters[facet_appellation][]"
    value="Jurançon"
    id="cb_534544075"
          />
  <label for="cb_534544075">          <span>Jurançon</span>
          <span><span class="badge">
  19
</span>
</span>
        </label>
</div>
      </li>
          <li class="filters-checkbox__option">
                        <div class="checkbox">
    <input
    type="checkbox"
    name="filters[facet_appellation][]"
    value="Bordeaux supérieur"
    id="cb_1345664350"
          />
  <label for="cb_1345664350">          <span>Bordeaux supérieur</span>
          <span><span class="badge">
  14
</span>
</span>
        </label>
</div>
      </li>
          <li class="filters-checkbox__option">
                        <div class="checkbox">
    <input
    type="checkbox"
    name="filters[facet_appellation][]"
    value="Côtes de Bordeaux"
    id="cb_1588733831"
          />
  <label for="cb_1588733831">          <span>Côtes de Bordeaux</span>
          <span><span class="badge">
  13
</span>
</span>
        </label>
</div>
      </li>
      </ul>
      <button class="filters-checkbox__expand">
      Voir plus
    </button>
  </div>
                        </div>
  </fieldset>
</div>
          </li>
                  <li>
            
<div class="filters-group">
  <fieldset class="filters-group__fieldset">
          <legend class="filters-group__label filters-group__label--opened">Cépage</legend>
        <div class="filters-group__container">
                        
<div class="filters-checkbox">
    <ul class="filters-checkbox__options">
          <li class="filters-checkbox__option">
                        <div class="checkbox">
    <input
    type="checkbox"
    name="filters[facet_cepage][]"
    value="Muscadet"
    id="cb_1776641827"
          />
  <label for="cb_1776641827">          <span>Muscadet</span>
          <span><span class="badge">
  12
</span>
</span>
        </label>
</div>
      </li>
          <li class="filters-checkbox__option">
                        <div class="checkbox">
    <input
    type="checkbox"
    name="filters[facet_cepage][]"
    value="Pinot noir"
    id="cb_330966695"
          />
  <label for="cb_330966695">          <span>Pinot noir</span>
          <span><span class="badge">
  10
</span>
</span>
        </label>
</div>
      </li>
          <li class="filters-checkbox__option">
                        <div class="checkbox">
    <input
    type="checkbox"
    name="filters[facet_cepage][]"
    value="Riesling"
    id="cb_288159318"
          />
  <label for="cb_288159318">          <span>Riesling</span>
          <span><span class="badge">
  8
</span>
</span>
        </label>
</div>
      </li>
          <li class="filters-checkbox__option">
                        <div class="checkbox">
    <input
    type="checkbox"
    name="filters[facet_cepage][]"
    value="Gewurtzraminer"
    id="cb_774131828"
          />
  <label for="cb_774131828">          <span>Gewurtzraminer</span>
          <span><span class="badge">
  6
</span>
</span>
        </label>
</div>
      </li>
          <li class="filters-checkbox__option">
                        <div class="checkbox">
    <input
    type="checkbox"
    name="filters[facet_cepage][]"
    value="Gros plant"
    id="cb_1336854158"
          />
  <label for="cb_1336854158">          <span>Gros plant</span>
          <span><span class="badge">
  3
</span>
</span>
        </label>
</div>
      </li>
      </ul>
      <button class="filters-checkbox__expand">
      Voir plus
    </button>
  </div>
                        </div>
  </fieldset>
</div>
          </li>
                  <li>
            
<div class="filters-group">
  <fieldset class="filters-group__fieldset">
          <legend class="filters-group__label filters-group__label--opened">Vendeurs</legend>
        <div class="filters-group__container">
                        
<div class="filters-checkbox">
    <ul class="filters-checkbox__options">
          <li class="filters-checkbox__option">
                        <div class="checkbox">
    <input
    type="checkbox"
    name="filters[offers.shop_name][]"
    value="LabelSource"
    id="cb_996756422"
          />
  <label for="cb_996756422">          <span>LabelSource</span>
          <span><span class="badge">
  861
</span>
</span>
        </label>
</div>
      </li>
          <li class="filters-checkbox__option">
                        <div class="checkbox">
    <input
    type="checkbox"
    name="filters[offers.shop_name][]"
    value="Gpasplus"
    id="cb_1143335462"
          />
  <label for="cb_1143335462">          <span>Gpasplus</span>
          <span><span class="badge">
  838
</span>
</span>
        </label>
</div>
      </li>
          <li class="filters-checkbox__option">
                        <div class="checkbox">
    <input
    type="checkbox"
    name="filters[offers.shop_name][]"
    value="Cavagogo"
    id="cb_320496"
          />
  <label for="cb_320496">          <span>Cavagogo</span>
          <span><span class="badge">
  717
</span>
</span>
        </label>
</div>
      </li>
          <li class="filters-checkbox__option">
                        <div class="checkbox">
    <input
    type="checkbox"
    name="filters[offers.shop_name][]"
    value="1 histoire de vins"
    id="cb_1903526593"
          />
  <label for="cb_1903526593">          <span>1 histoire de vins</span>
          <span><span class="badge">
  646
</span>
</span>
        </label>
</div>
      </li>
          <li class="filters-checkbox__option">
                        <div class="checkbox">
    <input
    type="checkbox"
    name="filters[offers.shop_name][]"
    value="LAVINIA FRANCE"
    id="cb_1622122357"
          />
  <label for="cb_1622122357">          <span>LAVINIA FRANCE</span>
          <span><span class="badge">
  240
</span>
</span>
        </label>
</div>
      </li>
      </ul>
      <button class="filters-checkbox__expand">
      Voir plus
    </button>
  </div>
                        </div>
  </fieldset>
</div>
          </li>
        </ul>
                                          <footer class="search-navigation__footer">
          

    

<div class="ds-body-text ds-body-text--size-xs ds-body-text--color-standard-4">
      *Certifié par
  </div>
<img src="/images/logo-consotrust.svg" alt="logo ConsoTrust">
<img src="/images/logo-allergobox.svg" alt="logo AllergoBox">


<a
  class="pl-button pl-button--tertiary"
  href="/edito/consotrust-allergobox"  target="_blank"    
>
      <span class="pl-button__label">
      En savoir plus    </span>
  </a>
      </footer>
                                                            </form>

    </div>
</aside>
    <section class="side-template__section">
              <div class="product-listing-page__header">
  
    <div class="product-listing-page__top-wrapper">

      
              <div id="data-plp_reco" class="product-listing-page__recommendation">
          
<div is="recommendations"
  class="recommendations"
  data-zone="1"
  :vars="&#x7B;&quot;categories&quot;&#x3A;&#x5B;&quot;27070&quot;,&quot;27074&quot;&#x5D;,&quot;category&quot;&#x3A;&quot;27074&quot;&#x7D;"
  :render-context="{&quot;zone&quot;:&quot;product-list&quot;,&quot;clickAndCollectEnable&quot;:false}"
  zone="1"
  page-context="plp">
</div>
        </div>
      
      
      
      
<div class="product-list-header
     product-list-header--hide-rayons  ">
  <div class="product-list-header__top">
              

<div is="filters-list" class="filters-list">
  <ul class="filters-list__list">
          </ul>
</div>
      </div>

    <div class="product-list-header__bottom ">
    <h5 class="product-list-header__count ">
      <span is="search-results-count">
  4655 résultats
</span>
    </h5>
    <div class="product-list-header__action">
      <div class="product-list-header__action-left">
              </div>
      <div class="product-list-header__action-right">
        <div id="data-plp_tri" class="product-list-header__sorting">
          <span class="product-list-header__sort-by">Trier par :</span>
          <div class="search-sorting" is="search-sorting">
  <div class="multiselect">
    <div class="multiselect__tags">
      <span class="multiselect__single">
        Pertinence
      </span>
    </div>
  </div>
</div>
        </div>
        <label for="product-list-filters" class="product-list-header__label product-list-header__label--filters">
          <span>Affiner</span>
        </label>
      </div>
    </div>
  </div>
  </div>

    </div>
  </div>
    <div class="product-list-float-links" is="product-list-float-links"  hide-rayons >
  <label for="product-list-filters" class="float-icon icon-filters">
    <span>Affiner</span>
  </label>

  <div class="invisible">
    <input id="product-list-rayons" type="checkbox">
    <input id="product-list-filters" type="checkbox">
  </div>

</div>  
<div class="product-list"
     is="product-list"
     :render-context="{&quot;zone&quot;:&quot;product-list&quot;,&quot;clickAndCollectEnable&quot;:true}"
     :meta="{&quot;total&quot;:4655,&quot;itemsPerPage&quot;:60,&quot;totalPage&quot;:78,&quot;currentPage&quot;:1,&quot;suggestions&quot;:[],&quot;autocorrect&quot;:null,&quot;searchType&quot;:&quot;&quot;,&quot;keyword&quot;:null,&quot;facets&quot;:[{&quot;type&quot;:&quot;checkbox&quot;,&quot;field&quot;:&quot;facet_promotions&quot;,&quot;label&quot;:&quot;Promotions&quot;,&quot;selected&quot;:false,&quot;topTerms&quot;:[{&quot;label&quot;:&quot;Toutes les promotions&quot;,&quot;count&quot;:961,&quot;selected&quot;:false,&quot;code&quot;:null,&quot;id&quot;:null},{&quot;label&quot;:&quot;Remises imm\u00e9diates&quot;,&quot;count&quot;:960,&quot;selected&quot;:false,&quot;code&quot;:null,&quot;id&quot;:null},{&quot;label&quot;:&quot;Cagnotte fid\u00e9lit\u00e9&quot;,&quot;count&quot;:1,&quot;selected&quot;:false,&quot;code&quot;:null,&quot;id&quot;:null},{&quot;label&quot;:&quot;Vu en catalogue&quot;,&quot;count&quot;:37,&quot;selected&quot;:false,&quot;code&quot;:null,&quot;id&quot;:null},{&quot;label&quot;:&quot;Prime bio&quot;,&quot;count&quot;:3,&quot;selected&quot;:false,&quot;code&quot;:null,&quot;id&quot;:null}],&quot;ranges&quot;:[]},{&quot;type&quot;:&quot;checkbox&quot;,&quot;field&quot;:&quot;facet_marque&quot;,&quot;label&quot;:&quot;Marque&quot;,&quot;selected&quot;:false,&quot;topTerms&quot;:[{&quot;label&quot;:&quot;CARREFOUR&quot;,&quot;count&quot;:4,&quot;selected&quot;:false,&quot;code&quot;:null,&quot;id&quot;:null},{&quot;label&quot;:&quot;MARQUE INCONNUE&quot;,&quot;count&quot;:1599,&quot;selected&quot;:false,&quot;code&quot;:null,&quot;id&quot;:null},{&quot;label&quot;:&quot;LA CAVE D&#039;AUGUSTIN FLORENT&quot;,&quot;count&quot;:60,&quot;selected&quot;:false,&quot;code&quot;:null,&quot;id&quot;:null},{&quot;label&quot;:&quot;JEMANGEFRAN\u00c7AIS.COM&quot;,&quot;count&quot;:30,&quot;selected&quot;:false,&quot;code&quot;:null,&quot;id&quot;:null},{&quot;label&quot;:&quot;1964&quot;,&quot;count&quot;:22,&quot;selected&quot;:false,&quot;code&quot;:null,&quot;id&quot;:null},{&quot;label&quot;:&quot;1970&quot;,&quot;count&quot;:10,&quot;selected&quot;:false,&quot;code&quot;:null,&quot;id&quot;:null},{&quot;label&quot;:&quot;LES PETITES CAVES&quot;,&quot;count&quot;:8,&quot;selected&quot;:false,&quot;code&quot;:null,&quot;id&quot;:null},{&quot;label&quot;:&quot;ROCHE MAZET&quot;,&quot;count&quot;:8,&quot;selected&quot;:false,&quot;code&quot;:null,&quot;id&quot;:null},{&quot;label&quot;:&quot;AUTREMENT&quot;,&quot;count&quot;:7,&quot;selected&quot;:false,&quot;code&quot;:null,&quot;id&quot;:null},{&quot;label&quot;:&quot;CAVE AUGUSTIN FLORENT&quot;,&quot;count&quot;:7,&quot;selected&quot;:false,&quot;code&quot;:null,&quot;id&quot;:null},{&quot;label&quot;:&quot;LA FRANCETTE&quot;,&quot;count&quot;:5,&quot;selected&quot;:false,&quot;code&quot;:null,&quot;id&quot;:null},{&quot;label&quot;:&quot;RESERVE DU PRESIDENT&quot;,&quot;count&quot;:5,&quot;selected&quot;:false,&quot;code&quot;:null,&quot;id&quot;:null},{&quot;label&quot;:&quot;VIGNERON DU C\u00c9OU VIN DE DOMME&quot;,&quot;count&quot;:5,&quot;selected&quot;:false,&quot;code&quot;:null,&quot;id&quot;:null},{&quot;label&quot;:&quot;WOLFBERGER&quot;,&quot;count&quot;:5,&quot;selected&quot;:false,&quot;code&quot;:null,&quot;id&quot;:null},{&quot;label&quot;:&quot;BEAUVAL&quot;,&quot;count&quot;:4,&quot;selected&quot;:false,&quot;code&quot;:null,&quot;id&quot;:null},{&quot;label&quot;:&quot;CHATEAU MONTGAILLARD&quot;,&quot;count&quot;:4,&quot;selected&quot;:false,&quot;code&quot;:null,&quot;id&quot;:null},{&quot;label&quot;:&quot;DAME D&#039;ELNE&quot;,&quot;count&quot;:4,&quot;selected&quot;:false,&quot;code&quot;:null,&quot;id&quot;:null},{&quot;label&quot;:&quot;DUC DE TERMES&quot;,&quot;count&quot;:4,&quot;selected&quot;:false,&quot;code&quot;:null,&quot;id&quot;:null},{&quot;label&quot;:&quot;MAISON MARLERE&quot;,&quot;count&quot;:4,&quot;selected&quot;:false,&quot;code&quot;:null,&quot;id&quot;:null},{&quot;label&quot;:&quot;MARQUIS DE SEILLAN&quot;,&quot;count&quot;:4,&quot;selected&quot;:false,&quot;code&quot;:null,&quot;id&quot;:null},{&quot;label&quot;:&quot;MONTMIREL&quot;,&quot;count&quot;:4,&quot;selected&quot;:false,&quot;code&quot;:null,&quot;id&quot;:null},{&quot;label&quot;:&quot;PLAN\u00c8TE DRINKS&quot;,&quot;count&quot;:4,&quot;selected&quot;:false,&quot;code&quot;:null,&quot;id&quot;:null},{&quot;label&quot;:&quot;PREMIERS PRIX&quot;,&quot;count&quot;:4,&quot;selected&quot;:false,&quot;code&quot;:null,&quot;id&quot;:null},{&quot;label&quot;:&quot;VIGNOBLES DOM BRIAL&quot;,&quot;count&quot;:4,&quot;selected&quot;:false,&quot;code&quot;:null,&quot;id&quot;:null},{&quot;label&quot;:&quot;2014&quot;,&quot;count&quot;:3,&quot;selected&quot;:false,&quot;code&quot;:null,&quot;id&quot;:null},{&quot;label&quot;:&quot;2015&quot;,&quot;count&quot;:3,&quot;selected&quot;:false,&quot;code&quot;:null,&quot;id&quot;:null},{&quot;label&quot;:&quot;BERNARD MAGREZ&quot;,&quot;count&quot;:3,&quot;selected&quot;:false,&quot;code&quot;:null,&quot;id&quot;:null},{&quot;label&quot;:&quot;CARTE D&#039;OR&quot;,&quot;count&quot;:3,&quot;selected&quot;:false,&quot;code&quot;:null,&quot;id&quot;:null},{&quot;label&quot;:&quot;CELLIER DES DAUPHINS&quot;,&quot;count&quot;:3,&quot;selected&quot;:false,&quot;code&quot;:null,&quot;id&quot;:null},{&quot;label&quot;:&quot;CHATEAU REILLANNE \&quot;GRANDE RESERVE\&quot;&quot;,&quot;count&quot;:3,&quot;selected&quot;:false,&quot;code&quot;:null,&quot;id&quot;:null},{&quot;label&quot;:&quot;CHATEAU VIRANT&quot;,&quot;count&quot;:3,&quot;selected&quot;:false,&quot;code&quot;:null,&quot;id&quot;:null},{&quot;label&quot;:&quot;CHEMIN DES OLIVETTES \&quot;CAVE DE ROQUEBRUN\&quot;&quot;,&quot;count&quot;:3,&quot;selected&quot;:false,&quot;code&quot;:null,&quot;id&quot;:null},{&quot;label&quot;:&quot;DIAPASON&quot;,&quot;count&quot;:3,&quot;selected&quot;:false,&quot;code&quot;:null,&quot;id&quot;:null},{&quot;label&quot;:&quot;DOMAINE DE LABALLE&quot;,&quot;count&quot;:3,&quot;selected&quot;:false,&quot;code&quot;:null,&quot;id&quot;:null},{&quot;label&quot;:&quot;DOMAINE DE MONTCALM&quot;,&quot;count&quot;:3,&quot;selected&quot;:false,&quot;code&quot;:null,&quot;id&quot;:null},{&quot;label&quot;:&quot;DOMAINE DES GRAVENNES&quot;,&quot;count&quot;:3,&quot;selected&quot;:false,&quot;code&quot;:null,&quot;id&quot;:null},{&quot;label&quot;:&quot;DOMAINE DES MAZES&quot;,&quot;count&quot;:3,&quot;selected&quot;:false,&quot;code&quot;:null,&quot;id&quot;:null},{&quot;label&quot;:&quot;GRAND MOMENT \&quot;CUVEE D&#039;EXCEPTION\&quot;&quot;,&quot;count&quot;:3,&quot;selected&quot;:false,&quot;code&quot;:null,&quot;id&quot;:null},{&quot;label&quot;:&quot;JP CHENET&quot;,&quot;count&quot;:3,&quot;selected&quot;:false,&quot;code&quot;:null,&quot;id&quot;:null},{&quot;label&quot;:&quot;L&#039;HERITAGE DE CARILLAN&quot;,&quot;count&quot;:3,&quot;selected&quot;:false,&quot;code&quot;:null,&quot;id&quot;:null},{&quot;label&quot;:&quot;LA BURGONDIE&quot;,&quot;count&quot;:3,&quot;selected&quot;:false,&quot;code&quot;:null,&quot;id&quot;:null},{&quot;label&quot;:&quot;LA VILLAGEOISE&quot;,&quot;count&quot;:3,&quot;selected&quot;:false,&quot;code&quot;:null,&quot;id&quot;:null},{&quot;label&quot;:&quot;LE PERUSSIER&quot;,&quot;count&quot;:3,&quot;selected&quot;:false,&quot;code&quot;:null,&quot;id&quot;:null},{&quot;label&quot;:&quot;LEO DE LA GAFFELIERE&quot;,&quot;count&quot;:3,&quot;selected&quot;:false,&quot;code&quot;:null,&quot;id&quot;:null},{&quot;label&quot;:&quot;MOUTON CADET&quot;,&quot;count&quot;:3,&quot;selected&quot;:false,&quot;code&quot;:null,&quot;id&quot;:null},{&quot;label&quot;:&quot;NAUDIN VARRAULT&quot;,&quot;count&quot;:3,&quot;selected&quot;:false,&quot;code&quot;:null,&quot;id&quot;:null},{&quot;label&quot;:&quot;TERRE EULALIE&quot;,&quot;count&quot;:3,&quot;selected&quot;:false,&quot;code&quot;:null,&quot;id&quot;:null},{&quot;label&quot;:&quot;VERY&quot;,&quot;count&quot;:3,&quot;selected&quot;:false,&quot;code&quot;:null,&quot;id&quot;:null},{&quot;label&quot;:&quot;VIGNOBLES BERTHIER&quot;,&quot;count&quot;:3,&quot;selected&quot;:false,&quot;code&quot;:null,&quot;id&quot;:null},{&quot;label&quot;:&quot;2013&quot;,&quot;count&quot;:2,&quot;selected&quot;:false,&quot;code&quot;:null,&quot;id&quot;:null},{&quot;label&quot;:&quot;ARNAUD DE VILLENEUVE&quot;,&quot;count&quot;:2,&quot;selected&quot;:false,&quot;code&quot;:null,&quot;id&quot;:null},{&quot;label&quot;:&quot;ARTHUR METZ&quot;,&quot;count&quot;:2,&quot;selected&quot;:false,&quot;code&quot;:null,&quot;id&quot;:null},{&quot;label&quot;:&quot;AUTREMENT BIO&quot;,&quot;count&quot;:2,&quot;selected&quot;:false,&quot;code&quot;:null,&quot;id&quot;:null},{&quot;label&quot;:&quot;BEARN&quot;,&quot;count&quot;:2,&quot;selected&quot;:false,&quot;code&quot;:null,&quot;id&quot;:null},{&quot;label&quot;:&quot;BONNE NOUVELLE&quot;,&quot;count&quot;:2,&quot;selected&quot;:false,&quot;code&quot;:null,&quot;id&quot;:null},{&quot;label&quot;:&quot;CAP NATURE&quot;,&quot;count&quot;:2,&quot;selected&quot;:false,&quot;code&quot;:null,&quot;id&quot;:null},{&quot;label&quot;:&quot;CARREFOUR SELECTION GRENACHE SYRAH&quot;,&quot;count&quot;:2,&quot;selected&quot;:false,&quot;code&quot;:null,&quot;id&quot;:null},{&quot;label&quot;:&quot;CHAT. ST LAURENT L&#039;ORT&quot;,&quot;count&quot;:2,&quot;selected&quot;:false,&quot;code&quot;:null,&quot;id&quot;:null},{&quot;label&quot;:&quot;CHATEAU BELLEVUE&quot;,&quot;count&quot;:2,&quot;selected&quot;:false,&quot;code&quot;:null,&quot;id&quot;:null},{&quot;label&quot;:&quot;CHATEAU DE LIONNE&quot;,&quot;count&quot;:2,&quot;selected&quot;:false,&quot;code&quot;:null,&quot;id&quot;:null},{&quot;label&quot;:&quot;CHATEAU DES ANTONINS&quot;,&quot;count&quot;:2,&quot;selected&quot;:false,&quot;code&quot;:null,&quot;id&quot;:null},{&quot;label&quot;:&quot;CHATEAU HAUTES TERRES \&quot;REFLETS DE FRANCE\&quot;&quot;,&quot;count&quot;:2,&quot;selected&quot;:false,&quot;code&quot;:null,&quot;id&quot;:null},{&quot;label&quot;:&quot;CHATEAU LA BORIE&quot;,&quot;count&quot;:2,&quot;selected&quot;:false,&quot;code&quot;:null,&quot;id&quot;:null},{&quot;label&quot;:&quot;CHATEAU LABROUSSE \&quot;REFLETS DE FRANCE\&quot;&quot;,&quot;count&quot;:2,&quot;selected&quot;:false,&quot;code&quot;:null,&quot;id&quot;:null},{&quot;label&quot;:&quot;CHATEAU REILLANNE&quot;,&quot;count&quot;:2,&quot;selected&quot;:false,&quot;code&quot;:null,&quot;id&quot;:null},{&quot;label&quot;:&quot;CHATEAU SAINT HILAIRE&quot;,&quot;count&quot;:2,&quot;selected&quot;:false,&quot;code&quot;:null,&quot;id&quot;:null},{&quot;label&quot;:&quot;DOMAINE DE L&#039;ERMITAGE&quot;,&quot;count&quot;:2,&quot;selected&quot;:false,&quot;code&quot;:null,&quot;id&quot;:null},{&quot;label&quot;:&quot;DOMAINE DES PASQUIERS&quot;,&quot;count&quot;:2,&quot;selected&quot;:false,&quot;code&quot;:null,&quot;id&quot;:null},{&quot;label&quot;:&quot;DOMAINE GOISOT&quot;,&quot;count&quot;:2,&quot;selected&quot;:false,&quot;code&quot;:null,&quot;id&quot;:null},{&quot;label&quot;:&quot;DOMAINE GUIGAL&quot;,&quot;count&quot;:2,&quot;selected&quot;:false,&quot;code&quot;:null,&quot;id&quot;:null},{&quot;label&quot;:&quot;DOMAINE LA VIGNE BARBE&quot;,&quot;count&quot;:2,&quot;selected&quot;:false,&quot;code&quot;:null,&quot;id&quot;:null},{&quot;label&quot;:&quot;DUC DE LYS&quot;,&quot;count&quot;:2,&quot;selected&quot;:false,&quot;code&quot;:null,&quot;id&quot;:null},{&quot;label&quot;:&quot;FEELNESS&quot;,&quot;count&quot;:2,&quot;selected&quot;:false,&quot;code&quot;:null,&quot;id&quot;:null},{&quot;label&quot;:&quot;GANICHAUD&quot;,&quot;count&quot;:2,&quot;selected&quot;:false,&quot;code&quot;:null,&quot;id&quot;:null},{&quot;label&quot;:&quot;GERARD BERTRAND&quot;,&quot;count&quot;:2,&quot;selected&quot;:false,&quot;code&quot;:null,&quot;id&quot;:null},{&quot;label&quot;:&quot;GRANDE RESERVE&quot;,&quot;count&quot;:2,&quot;selected&quot;:false,&quot;code&quot;:null,&quot;id&quot;:null},{&quot;label&quot;:&quot;HECOSFAIR&quot;,&quot;count&quot;:2,&quot;selected&quot;:false,&quot;code&quot;:null,&quot;id&quot;:null},{&quot;label&quot;:&quot;HERMON&quot;,&quot;count&quot;:2,&quot;selected&quot;:false,&quot;code&quot;:null,&quot;id&quot;:null},{&quot;label&quot;:&quot;JEAN GEILER&quot;,&quot;count&quot;:2,&quot;selected&quot;:false,&quot;code&quot;:null,&quot;id&quot;:null},{&quot;label&quot;:&quot;JP. CHENET&quot;,&quot;count&quot;:2,&quot;selected&quot;:false,&quot;code&quot;:null,&quot;id&quot;:null},{&quot;label&quot;:&quot;L&#039;INDOMPTABLE DE CIGALUS&quot;,&quot;count&quot;:2,&quot;selected&quot;:false,&quot;code&quot;:null,&quot;id&quot;:null},{&quot;label&quot;:&quot;LA MAISON DES MAINES&quot;,&quot;count&quot;:2,&quot;selected&quot;:false,&quot;code&quot;:null,&quot;id&quot;:null},{&quot;label&quot;:&quot;LACOUR PEYRADE&quot;,&quot;count&quot;:2,&quot;selected&quot;:false,&quot;code&quot;:null,&quot;id&quot;:null},{&quot;label&quot;:&quot;LE BON ROY HENRY&quot;,&quot;count&quot;:2,&quot;selected&quot;:false,&quot;code&quot;:null,&quot;id&quot;:null},{&quot;label&quot;:&quot;LE PETIT BERET&quot;,&quot;count&quot;:2,&quot;selected&quot;:false,&quot;code&quot;:null,&quot;id&quot;:null},{&quot;label&quot;:&quot;LES 3 LYS&quot;,&quot;count&quot;:2,&quot;selected&quot;:false,&quot;code&quot;:null,&quot;id&quot;:null},{&quot;label&quot;:&quot;LISTEL&quot;,&quot;count&quot;:2,&quot;selected&quot;:false,&quot;code&quot;:null,&quot;id&quot;:null},{&quot;label&quot;:&quot;MANOIR DE LA GRELIERE \&quot;REFLETS DE FRANCE\&quot;&quot;,&quot;count&quot;:2,&quot;selected&quot;:false,&quot;code&quot;:null,&quot;id&quot;:null},{&quot;label&quot;:&quot;MAS SAINT PIERRE&quot;,&quot;count&quot;:2,&quot;selected&quot;:false,&quot;code&quot;:null,&quot;id&quot;:null},{&quot;label&quot;:&quot;MONT LAUR&quot;,&quot;count&quot;:2,&quot;selected&quot;:false,&quot;code&quot;:null,&quot;id&quot;:null},{&quot;label&quot;:&quot;NATURAE&quot;,&quot;count&quot;:2,&quot;selected&quot;:false,&quot;code&quot;:null,&quot;id&quot;:null},{&quot;label&quot;:&quot;PERE FOURAS &quot;,&quot;count&quot;:2,&quot;selected&quot;:false,&quot;code&quot;:null,&quot;id&quot;:null},{&quot;label&quot;:&quot;QU&#039;AIMARY&quot;,&quot;count&quot;:2,&quot;selected&quot;:false,&quot;code&quot;:null,&quot;id&quot;:null},{&quot;label&quot;:&quot;RASIGUERES&quot;,&quot;count&quot;:2,&quot;selected&quot;:false,&quot;code&quot;:null,&quot;id&quot;:null},{&quot;label&quot;:&quot;RESERVE DE PADULONE&quot;,&quot;count&quot;:2,&quot;selected&quot;:false,&quot;code&quot;:null,&quot;id&quot;:null},{&quot;label&quot;:&quot;S DU SARTRE&quot;,&quot;count&quot;:2,&quot;selected&quot;:false,&quot;code&quot;:null,&quot;id&quot;:null},{&quot;label&quot;:&quot;SECRETS DE CHAI&quot;,&quot;count&quot;:2,&quot;selected&quot;:false,&quot;code&quot;:null,&quot;id&quot;:null},{&quot;label&quot;:&quot;SEIGNEUR DE LAURET&quot;,&quot;count&quot;:2,&quot;selected&quot;:false,&quot;code&quot;:null,&quot;id&quot;:null},{&quot;label&quot;:&quot;SIEUR D&#039;ARQUES&quot;,&quot;count&quot;:2,&quot;selected&quot;:false,&quot;code&quot;:null,&quot;id&quot;:null},{&quot;label&quot;:&quot;TERRABIO&quot;,&quot;count&quot;:2,&quot;selected&quot;:false,&quot;code&quot;:null,&quot;id&quot;:null}],&quot;ranges&quot;:[]},{&quot;type&quot;:&quot;checkbox&quot;,&quot;field&quot;:&quot;facet_enseignes&quot;,&quot;label&quot;:&quot;Services&quot;,&quot;selected&quot;:false,&quot;topTerms&quot;:[{&quot;label&quot;:&quot;Vendeurs partenaires&quot;,&quot;count&quot;:3591,&quot;selected&quot;:false,&quot;code&quot;:null,&quot;id&quot;:null},{&quot;label&quot;:&quot;Drive ou livraison \u00e0 domicile&quot;,&quot;count&quot;:1064,&quot;selected&quot;:false,&quot;code&quot;:null,&quot;id&quot;:null}],&quot;ranges&quot;:[]},{&quot;type&quot;:&quot;checkbox&quot;,&quot;field&quot;:&quot;facet_couleur&quot;,&quot;label&quot;:&quot;Couleur&quot;,&quot;selected&quot;:false,&quot;topTerms&quot;:[{&quot;label&quot;:&quot;rouge&quot;,&quot;count&quot;:2465,&quot;selected&quot;:false,&quot;code&quot;:null,&quot;id&quot;:null},{&quot;label&quot;:&quot;Blanc&quot;,&quot;count&quot;:977,&quot;selected&quot;:false,&quot;code&quot;:null,&quot;id&quot;:null},{&quot;label&quot;:&quot;Rouge&quot;,&quot;count&quot;:322,&quot;selected&quot;:false,&quot;code&quot;:null,&quot;id&quot;:null},{&quot;label&quot;:&quot;rose&quot;,&quot;count&quot;:194,&quot;selected&quot;:false,&quot;code&quot;:null,&quot;id&quot;:null},{&quot;label&quot;:&quot;Ros\u00e9&quot;,&quot;count&quot;:168,&quot;selected&quot;:false,&quot;code&quot;:null,&quot;id&quot;:null},{&quot;label&quot;:&quot;jaune&quot;,&quot;count&quot;:1,&quot;selected&quot;:false,&quot;code&quot;:null,&quot;id&quot;:null}],&quot;ranges&quot;:[]},{&quot;type&quot;:&quot;allergobox&quot;,&quot;field&quot;:&quot;facet_regimes_allergobox&quot;,&quot;label&quot;:&quot;Pr\u00e9f\u00e9rences alimentaires&quot;,&quot;selected&quot;:false,&quot;topTerms&quot;:[{&quot;label&quot;:&quot;V\u00e9g\u00e9tarien*&quot;,&quot;count&quot;:5,&quot;selected&quot;:false,&quot;code&quot;:null,&quot;id&quot;:null},{&quot;label&quot;:&quot;Halal*&quot;,&quot;count&quot;:2,&quot;selected&quot;:false,&quot;code&quot;:null,&quot;id&quot;:null}],&quot;ranges&quot;:[]},{&quot;type&quot;:&quot;allergobox&quot;,&quot;field&quot;:&quot;facet_sans_allergene_allergobox&quot;,&quot;label&quot;:&quot;Allerg\u00e8nes&quot;,&quot;selected&quot;:false,&quot;topTerms&quot;:[{&quot;label&quot;:&quot;Sans gluten*&quot;,&quot;count&quot;:134,&quot;selected&quot;:false,&quot;code&quot;:null,&quot;id&quot;:null}],&quot;ranges&quot;:[]},{&quot;type&quot;:&quot;allergobox&quot;,&quot;field&quot;:&quot;facet_labels_allergobox&quot;,&quot;label&quot;:&quot;Labels qualit\u00e9&quot;,&quot;selected&quot;:false,&quot;topTerms&quot;:[{&quot;label&quot;:&quot;Indication g\u00e9ographique prot\u00e9g\u00e9e*&quot;,&quot;count&quot;:123,&quot;selected&quot;:false,&quot;code&quot;:null,&quot;id&quot;:null},{&quot;label&quot;:&quot;Bio*&quot;,&quot;count&quot;:108,&quot;selected&quot;:false,&quot;code&quot;:null,&quot;id&quot;:null},{&quot;label&quot;:&quot;Appellation d&#039;origine prot\u00e9g\u00e9e*&quot;,&quot;count&quot;:87,&quot;selected&quot;:false,&quot;code&quot;:null,&quot;id&quot;:null},{&quot;label&quot;:&quot;Fabriqu\u00e9 en France*&quot;,&quot;count&quot;:46,&quot;selected&quot;:false,&quot;code&quot;:null,&quot;id&quot;:null}],&quot;ranges&quot;:[]},{&quot;type&quot;:&quot;allergobox&quot;,&quot;field&quot;:&quot;facet_sans_substances_allergobox&quot;,&quot;label&quot;:&quot;Sans substances controvers\u00e9es&quot;,&quot;selected&quot;:false,&quot;topTerms&quot;:[{&quot;label&quot;:&quot;Sans OGM*&quot;,&quot;count&quot;:10,&quot;selected&quot;:false,&quot;code&quot;:null,&quot;id&quot;:null},{&quot;label&quot;:&quot;Sans colorant artificiel*&quot;,&quot;count&quot;:5,&quot;selected&quot;:false,&quot;code&quot;:null,&quot;id&quot;:null}],&quot;ranges&quot;:[]},{&quot;type&quot;:&quot;checkbox&quot;,&quot;field&quot;:&quot;facet_nutriscore&quot;,&quot;label&quot;:&quot;Nutriscore&quot;,&quot;selected&quot;:false,&quot;topTerms&quot;:[{&quot;label&quot;:&quot;A&quot;,&quot;count&quot;:8,&quot;selected&quot;:false,&quot;code&quot;:null,&quot;id&quot;:null},{&quot;label&quot;:&quot;B&quot;,&quot;count&quot;:2,&quot;selected&quot;:false,&quot;code&quot;:null,&quot;id&quot;:null},{&quot;label&quot;:&quot;E&quot;,&quot;count&quot;:1,&quot;selected&quot;:false,&quot;code&quot;:null,&quot;id&quot;:null}],&quot;ranges&quot;:[]},{&quot;type&quot;:&quot;checkbox&quot;,&quot;field&quot;:&quot;facet_region_vin&quot;,&quot;label&quot;:&quot;R\u00e9gion&quot;,&quot;selected&quot;:false,&quot;topTerms&quot;:[{&quot;label&quot;:&quot;Bordeaux&quot;,&quot;count&quot;:165,&quot;selected&quot;:false,&quot;code&quot;:null,&quot;id&quot;:null},{&quot;label&quot;:&quot;Sud-Ouest&quot;,&quot;count&quot;:120,&quot;selected&quot;:false,&quot;code&quot;:null,&quot;id&quot;:null},{&quot;label&quot;:&quot;Bourgogne&quot;,&quot;count&quot;:99,&quot;selected&quot;:false,&quot;code&quot;:null,&quot;id&quot;:null},{&quot;label&quot;:&quot;Rh\u00f4ne&quot;,&quot;count&quot;:99,&quot;selected&quot;:false,&quot;code&quot;:null,&quot;id&quot;:null},{&quot;label&quot;:&quot;Languedoc - Roussillon&quot;,&quot;count&quot;:90,&quot;selected&quot;:false,&quot;code&quot;:null,&quot;id&quot;:null},{&quot;label&quot;:&quot;Loire&quot;,&quot;count&quot;:81,&quot;selected&quot;:false,&quot;code&quot;:null,&quot;id&quot;:null},{&quot;label&quot;:&quot;Provence&quot;,&quot;count&quot;:67,&quot;selected&quot;:false,&quot;code&quot;:null,&quot;id&quot;:null},{&quot;label&quot;:&quot;Savoie - Jura&quot;,&quot;count&quot;:42,&quot;selected&quot;:false,&quot;code&quot;:null,&quot;id&quot;:null},{&quot;label&quot;:&quot;Alsace&quot;,&quot;count&quot;:29,&quot;selected&quot;:false,&quot;code&quot;:null,&quot;id&quot;:null},{&quot;label&quot;:&quot;Beaujolais&quot;,&quot;count&quot;:18,&quot;selected&quot;:false,&quot;code&quot;:null,&quot;id&quot;:null},{&quot;label&quot;:&quot;Corse&quot;,&quot;count&quot;:6,&quot;selected&quot;:false,&quot;code&quot;:null,&quot;id&quot;:null}],&quot;ranges&quot;:[]},{&quot;type&quot;:&quot;checkbox&quot;,&quot;field&quot;:&quot;facet_appellation&quot;,&quot;label&quot;:&quot;Appellation&quot;,&quot;selected&quot;:false,&quot;topTerms&quot;:[{&quot;label&quot;:&quot;Bordeaux&quot;,&quot;count&quot;:59,&quot;selected&quot;:false,&quot;code&quot;:null,&quot;id&quot;:null},{&quot;label&quot;:&quot;Saint-Emilion&quot;,&quot;count&quot;:21,&quot;selected&quot;:false,&quot;code&quot;:null,&quot;id&quot;:null},{&quot;label&quot;:&quot;Juran\u00e7on&quot;,&quot;count&quot;:19,&quot;selected&quot;:false,&quot;code&quot;:null,&quot;id&quot;:null},{&quot;label&quot;:&quot;Bordeaux sup\u00e9rieur&quot;,&quot;count&quot;:14,&quot;selected&quot;:false,&quot;code&quot;:null,&quot;id&quot;:null},{&quot;label&quot;:&quot;C\u00f4tes de Bordeaux&quot;,&quot;count&quot;:13,&quot;selected&quot;:false,&quot;code&quot;:null,&quot;id&quot;:null},{&quot;label&quot;:&quot;Chablis&quot;,&quot;count&quot;:12,&quot;selected&quot;:false,&quot;code&quot;:null,&quot;id&quot;:null},{&quot;label&quot;:&quot;Coteaux D&#039;Aix-En-Provence&quot;,&quot;count&quot;:12,&quot;selected&quot;:false,&quot;code&quot;:null,&quot;id&quot;:null},{&quot;label&quot;:&quot;M\u00e9doc&quot;,&quot;count&quot;:12,&quot;selected&quot;:false,&quot;code&quot;:null,&quot;id&quot;:null},{&quot;label&quot;:&quot;Haut-M\u00e9doc&quot;,&quot;count&quot;:11,&quot;selected&quot;:false,&quot;code&quot;:null,&quot;id&quot;:null},{&quot;label&quot;:&quot;Pessac-L\u00e9ognan&quot;,&quot;count&quot;:11,&quot;selected&quot;:false,&quot;code&quot;:null,&quot;id&quot;:null},{&quot;label&quot;:&quot;Apremont&quot;,&quot;count&quot;:9,&quot;selected&quot;:false,&quot;code&quot;:null,&quot;id&quot;:null},{&quot;label&quot;:&quot;Bandol&quot;,&quot;count&quot;:9,&quot;selected&quot;:false,&quot;code&quot;:null,&quot;id&quot;:null},{&quot;label&quot;:&quot;Cabernet D&#039;Anjou&quot;,&quot;count&quot;:9,&quot;selected&quot;:false,&quot;code&quot;:null,&quot;id&quot;:null},{&quot;label&quot;:&quot;Macon&quot;,&quot;count&quot;:9,&quot;selected&quot;:false,&quot;code&quot;:null,&quot;id&quot;:null},{&quot;label&quot;:&quot;Saumur&quot;,&quot;count&quot;:9,&quot;selected&quot;:false,&quot;code&quot;:null,&quot;id&quot;:null},{&quot;label&quot;:&quot;Bergerac&quot;,&quot;count&quot;:8,&quot;selected&quot;:false,&quot;code&quot;:null,&quot;id&quot;:null},{&quot;label&quot;:&quot;Abymes&quot;,&quot;count&quot;:7,&quot;selected&quot;:false,&quot;code&quot;:null,&quot;id&quot;:null},{&quot;label&quot;:&quot;Cahors&quot;,&quot;count&quot;:7,&quot;selected&quot;:false,&quot;code&quot;:null,&quot;id&quot;:null},{&quot;label&quot;:&quot;Chinon&quot;,&quot;count&quot;:7,&quot;selected&quot;:false,&quot;code&quot;:null,&quot;id&quot;:null},{&quot;label&quot;:&quot;Mediran&quot;,&quot;count&quot;:7,&quot;selected&quot;:false,&quot;code&quot;:null,&quot;id&quot;:null},{&quot;label&quot;:&quot;Saint-Loup&quot;,&quot;count&quot;:7,&quot;selected&quot;:false,&quot;code&quot;:null,&quot;id&quot;:null},{&quot;label&quot;:&quot;Aligot\u00e9&quot;,&quot;count&quot;:6,&quot;selected&quot;:false,&quot;code&quot;:null,&quot;id&quot;:null},{&quot;label&quot;:&quot;Chignin&quot;,&quot;count&quot;:6,&quot;selected&quot;:false,&quot;code&quot;:null,&quot;id&quot;:null},{&quot;label&quot;:&quot;Corbieres&quot;,&quot;count&quot;:6,&quot;selected&quot;:false,&quot;code&quot;:null,&quot;id&quot;:null},{&quot;label&quot;:&quot;Coteaux-Varois-En-Provence&quot;,&quot;count&quot;:6,&quot;selected&quot;:false,&quot;code&quot;:null,&quot;id&quot;:null},{&quot;label&quot;:&quot;Bourgueil&quot;,&quot;count&quot;:5,&quot;selected&quot;:false,&quot;code&quot;:null,&quot;id&quot;:null},{&quot;label&quot;:&quot;Brouilly&quot;,&quot;count&quot;:5,&quot;selected&quot;:false,&quot;code&quot;:null,&quot;id&quot;:null},{&quot;label&quot;:&quot;Coteaux Du Layon&quot;,&quot;count&quot;:5,&quot;selected&quot;:false,&quot;code&quot;:null,&quot;id&quot;:null},{&quot;label&quot;:&quot;C\u00f4te De Nuit&quot;,&quot;count&quot;:5,&quot;selected&quot;:false,&quot;code&quot;:null,&quot;id&quot;:null},{&quot;label&quot;:&quot;Saint Veran&quot;,&quot;count&quot;:5,&quot;selected&quot;:false,&quot;code&quot;:null,&quot;id&quot;:null},{&quot;label&quot;:&quot;Luberon&quot;,&quot;count&quot;:4,&quot;selected&quot;:false,&quot;code&quot;:null,&quot;id&quot;:null},{&quot;label&quot;:&quot;Minervois&quot;,&quot;count&quot;:4,&quot;selected&quot;:false,&quot;code&quot;:null,&quot;id&quot;:null},{&quot;label&quot;:&quot;Pacherenc&quot;,&quot;count&quot;:4,&quot;selected&quot;:false,&quot;code&quot;:null,&quot;id&quot;:null},{&quot;label&quot;:&quot;Roussette&quot;,&quot;count&quot;:4,&quot;selected&quot;:false,&quot;code&quot;:null,&quot;id&quot;:null},{&quot;label&quot;:&quot;Saint-Estephe&quot;,&quot;count&quot;:4,&quot;selected&quot;:false,&quot;code&quot;:null,&quot;id&quot;:null},{&quot;label&quot;:&quot;Sauternes&quot;,&quot;count&quot;:4,&quot;selected&quot;:false,&quot;code&quot;:null,&quot;id&quot;:null},{&quot;label&quot;:&quot;Anjou&quot;,&quot;count&quot;:3,&quot;selected&quot;:false,&quot;code&quot;:null,&quot;id&quot;:null},{&quot;label&quot;:&quot;Buzet&quot;,&quot;count&quot;:3,&quot;selected&quot;:false,&quot;code&quot;:null,&quot;id&quot;:null},{&quot;label&quot;:&quot;B\u00e9arn&quot;,&quot;count&quot;:3,&quot;selected&quot;:false,&quot;code&quot;:null,&quot;id&quot;:null},{&quot;label&quot;:&quot;Ch\u00e2teauneuf-Du-Pape&quot;,&quot;count&quot;:3,&quot;selected&quot;:false,&quot;code&quot;:null,&quot;id&quot;:null},{&quot;label&quot;:&quot;C\u00f4te De Beaune&quot;,&quot;count&quot;:3,&quot;selected&quot;:false,&quot;code&quot;:null,&quot;id&quot;:null},{&quot;label&quot;:&quot;C\u00f4tes-Du-Rh\u00f4ne&quot;,&quot;count&quot;:3,&quot;selected&quot;:false,&quot;code&quot;:null,&quot;id&quot;:null},{&quot;label&quot;:&quot;Gaillac&quot;,&quot;count&quot;:3,&quot;selected&quot;:false,&quot;code&quot;:null,&quot;id&quot;:null},{&quot;label&quot;:&quot;Menetou&quot;,&quot;count&quot;:3,&quot;selected&quot;:false,&quot;code&quot;:null,&quot;id&quot;:null},{&quot;label&quot;:&quot;Mercurey&quot;,&quot;count&quot;:3,&quot;selected&quot;:false,&quot;code&quot;:null,&quot;id&quot;:null},{&quot;label&quot;:&quot;Monbazillac&quot;,&quot;count&quot;:3,&quot;selected&quot;:false,&quot;code&quot;:null,&quot;id&quot;:null},{&quot;label&quot;:&quot;Morgon&quot;,&quot;count&quot;:3,&quot;selected&quot;:false,&quot;code&quot;:null,&quot;id&quot;:null},{&quot;label&quot;:&quot;Pic-Saint-Loup&quot;,&quot;count&quot;:3,&quot;selected&quot;:false,&quot;code&quot;:null,&quot;id&quot;:null},{&quot;label&quot;:&quot;Pouilly Fuisse&quot;,&quot;count&quot;:3,&quot;selected&quot;:false,&quot;code&quot;:null,&quot;id&quot;:null},{&quot;label&quot;:&quot;Pouilly Fume&quot;,&quot;count&quot;:3,&quot;selected&quot;:false,&quot;code&quot;:null,&quot;id&quot;:null},{&quot;label&quot;:&quot;Saint-Chinian&quot;,&quot;count&quot;:3,&quot;selected&quot;:false,&quot;code&quot;:null,&quot;id&quot;:null},{&quot;label&quot;:&quot;Sancerre  Blanc&quot;,&quot;count&quot;:3,&quot;selected&quot;:false,&quot;code&quot;:null,&quot;id&quot;:null},{&quot;label&quot;:&quot;Ventoux&quot;,&quot;count&quot;:3,&quot;selected&quot;:false,&quot;code&quot;:null,&quot;id&quot;:null},{&quot;label&quot;:&quot;Condrieu&quot;,&quot;count&quot;:2,&quot;selected&quot;:false,&quot;code&quot;:null,&quot;id&quot;:null},{&quot;label&quot;:&quot;Costi\u00e8res De N\u00eemes&quot;,&quot;count&quot;:2,&quot;selected&quot;:false,&quot;code&quot;:null,&quot;id&quot;:null},{&quot;label&quot;:&quot;Coteaux D&#039;Aix&quot;,&quot;count&quot;:2,&quot;selected&quot;:false,&quot;code&quot;:null,&quot;id&quot;:null},{&quot;label&quot;:&quot;Entre Deux Mers&quot;,&quot;count&quot;:2,&quot;selected&quot;:false,&quot;code&quot;:null,&quot;id&quot;:null},{&quot;label&quot;:&quot;Gigondas&quot;,&quot;count&quot;:2,&quot;selected&quot;:false,&quot;code&quot;:null,&quot;id&quot;:null},{&quot;label&quot;:&quot;Loupiac&quot;,&quot;count&quot;:2,&quot;selected&quot;:false,&quot;code&quot;:null,&quot;id&quot;:null},{&quot;label&quot;:&quot;Margaux&quot;,&quot;count&quot;:2,&quot;selected&quot;:false,&quot;code&quot;:null,&quot;id&quot;:null},{&quot;label&quot;:&quot;Meursault&quot;,&quot;count&quot;:2,&quot;selected&quot;:false,&quot;code&quot;:null,&quot;id&quot;:null},{&quot;label&quot;:&quot;Pauillac&quot;,&quot;count&quot;:2,&quot;selected&quot;:false,&quot;code&quot;:null,&quot;id&quot;:null},{&quot;label&quot;:&quot;Picpoul De Pinet&quot;,&quot;count&quot;:2,&quot;selected&quot;:false,&quot;code&quot;:null,&quot;id&quot;:null},{&quot;label&quot;:&quot;Rose D&#039;Anjou&quot;,&quot;count&quot;:2,&quot;selected&quot;:false,&quot;code&quot;:null,&quot;id&quot;:null},{&quot;label&quot;:&quot;Saint Croix Mony&quot;,&quot;count&quot;:2,&quot;selected&quot;:false,&quot;code&quot;:null,&quot;id&quot;:null},{&quot;label&quot;:&quot;Saint-Julien&quot;,&quot;count&quot;:2,&quot;selected&quot;:false,&quot;code&quot;:null,&quot;id&quot;:null},{&quot;label&quot;:&quot;Costi\u00e8res-De-N\u00eemes&quot;,&quot;count&quot;:1,&quot;selected&quot;:false,&quot;code&quot;:null,&quot;id&quot;:null},{&quot;label&quot;:&quot;C\u00f4te Chalonnaise&quot;,&quot;count&quot;:1,&quot;selected&quot;:false,&quot;code&quot;:null,&quot;id&quot;:null},{&quot;label&quot;:&quot;C\u00f4tes-Du-Jura&quot;,&quot;count&quot;:1,&quot;selected&quot;:false,&quot;code&quot;:null,&quot;id&quot;:null},{&quot;label&quot;:&quot;Fitou&quot;,&quot;count&quot;:1,&quot;selected&quot;:false,&quot;code&quot;:null,&quot;id&quot;:null},{&quot;label&quot;:&quot;Juli\u00e9nas&quot;,&quot;count&quot;:1,&quot;selected&quot;:false,&quot;code&quot;:null,&quot;id&quot;:null},{&quot;label&quot;:&quot;Limoux&quot;,&quot;count&quot;:1,&quot;selected&quot;:false,&quot;code&quot;:null,&quot;id&quot;:null},{&quot;label&quot;:&quot;Listrac&quot;,&quot;count&quot;:1,&quot;selected&quot;:false,&quot;code&quot;:null,&quot;id&quot;:null},{&quot;label&quot;:&quot;Marsannay&quot;,&quot;count&quot;:1,&quot;selected&quot;:false,&quot;code&quot;:null,&quot;id&quot;:null},{&quot;label&quot;:&quot;Moulin-\u00c0-Vent&quot;,&quot;count&quot;:1,&quot;selected&quot;:false,&quot;code&quot;:null,&quot;id&quot;:null},{&quot;label&quot;:&quot;Moulis&quot;,&quot;count&quot;:1,&quot;selected&quot;:false,&quot;code&quot;:null,&quot;id&quot;:null},{&quot;label&quot;:&quot;Passetoutgrain&quot;,&quot;count&quot;:1,&quot;selected&quot;:false,&quot;code&quot;:null,&quot;id&quot;:null},{&quot;label&quot;:&quot;Pomerol&quot;,&quot;count&quot;:1,&quot;selected&quot;:false,&quot;code&quot;:null,&quot;id&quot;:null},{&quot;label&quot;:&quot;Premi\u00e8res-C\u00f4tes-De-Bordeaux&quot;,&quot;count&quot;:1,&quot;selected&quot;:false,&quot;code&quot;:null,&quot;id&quot;:null},{&quot;label&quot;:&quot;Quincy&quot;,&quot;count&quot;:1,&quot;selected&quot;:false,&quot;code&quot;:null,&quot;id&quot;:null},{&quot;label&quot;:&quot;Ros\u00e9-De-Loire&quot;,&quot;count&quot;:1,&quot;selected&quot;:false,&quot;code&quot;:null,&quot;id&quot;:null},{&quot;label&quot;:&quot;Sain Pour\u00e7ain&quot;,&quot;count&quot;:1,&quot;selected&quot;:false,&quot;code&quot;:null,&quot;id&quot;:null},{&quot;label&quot;:&quot;Saint-Joseph&quot;,&quot;count&quot;:1,&quot;selected&quot;:false,&quot;code&quot;:null,&quot;id&quot;:null},{&quot;label&quot;:&quot;Tavel&quot;,&quot;count&quot;:1,&quot;selected&quot;:false,&quot;code&quot;:null,&quot;id&quot;:null},{&quot;label&quot;:&quot;Vouvray&quot;,&quot;count&quot;:1,&quot;selected&quot;:false,&quot;code&quot;:null,&quot;id&quot;:null}],&quot;ranges&quot;:[]},{&quot;type&quot;:&quot;checkbox&quot;,&quot;field&quot;:&quot;facet_cepage&quot;,&quot;label&quot;:&quot;C\u00e9page&quot;,&quot;selected&quot;:false,&quot;topTerms&quot;:[{&quot;label&quot;:&quot;Muscadet&quot;,&quot;count&quot;:12,&quot;selected&quot;:false,&quot;code&quot;:null,&quot;id&quot;:null},{&quot;label&quot;:&quot;Pinot noir&quot;,&quot;count&quot;:10,&quot;selected&quot;:false,&quot;code&quot;:null,&quot;id&quot;:null},{&quot;label&quot;:&quot;Riesling&quot;,&quot;count&quot;:8,&quot;selected&quot;:false,&quot;code&quot;:null,&quot;id&quot;:null},{&quot;label&quot;:&quot;Gewurtzraminer&quot;,&quot;count&quot;:6,&quot;selected&quot;:false,&quot;code&quot;:null,&quot;id&quot;:null},{&quot;label&quot;:&quot;Gros plant&quot;,&quot;count&quot;:3,&quot;selected&quot;:false,&quot;code&quot;:null,&quot;id&quot;:null},{&quot;label&quot;:&quot;Sauvignon&quot;,&quot;count&quot;:3,&quot;selected&quot;:false,&quot;code&quot;:null,&quot;id&quot;:null},{&quot;label&quot;:&quot;Sylvaner&quot;,&quot;count&quot;:3,&quot;selected&quot;:false,&quot;code&quot;:null,&quot;id&quot;:null},{&quot;label&quot;:&quot;Tokay&quot;,&quot;count&quot;:3,&quot;selected&quot;:false,&quot;code&quot;:null,&quot;id&quot;:null},{&quot;label&quot;:&quot;Gamay&quot;,&quot;count&quot;:2,&quot;selected&quot;:false,&quot;code&quot;:null,&quot;id&quot;:null},{&quot;label&quot;:&quot;Pinot blanc&quot;,&quot;count&quot;:1,&quot;selected&quot;:false,&quot;code&quot;:null,&quot;id&quot;:null}],&quot;ranges&quot;:[]},{&quot;type&quot;:&quot;checkbox&quot;,&quot;field&quot;:&quot;offers.shop_name&quot;,&quot;label&quot;:&quot;Vendeurs&quot;,&quot;selected&quot;:false,&quot;topTerms&quot;:[{&quot;label&quot;:&quot;LabelSource&quot;,&quot;count&quot;:861,&quot;selected&quot;:false,&quot;code&quot;:null,&quot;id&quot;:null},{&quot;label&quot;:&quot;Gpasplus&quot;,&quot;count&quot;:838,&quot;selected&quot;:false,&quot;code&quot;:null,&quot;id&quot;:null},{&quot;label&quot;:&quot;Cavagogo&quot;,&quot;count&quot;:717,&quot;selected&quot;:false,&quot;code&quot;:null,&quot;id&quot;:null},{&quot;label&quot;:&quot;1 histoire de vins&quot;,&quot;count&quot;:646,&quot;selected&quot;:false,&quot;code&quot;:null,&quot;id&quot;:null},{&quot;label&quot;:&quot;LAVINIA FRANCE&quot;,&quot;count&quot;:240,&quot;selected&quot;:false,&quot;code&quot;:null,&quot;id&quot;:null},{&quot;label&quot;:&quot;PLANETE DRINKS&quot;,&quot;count&quot;:91,&quot;selected&quot;:false,&quot;code&quot;:null,&quot;id&quot;:null},{&quot;label&quot;:&quot;Le Vin \u00c9moi&quot;,&quot;count&quot;:78,&quot;selected&quot;:false,&quot;code&quot;:null,&quot;id&quot;:null},{&quot;label&quot;:&quot;jemangefrancais&quot;,&quot;count&quot;:30,&quot;selected&quot;:false,&quot;code&quot;:null,&quot;id&quot;:null},{&quot;label&quot;:&quot;GROSKASH&quot;,&quot;count&quot;:29,&quot;selected&quot;:false,&quot;code&quot;:null,&quot;id&quot;:null},{&quot;label&quot;:&quot;Le Refuge de Marie-Louise&quot;,&quot;count&quot;:12,&quot;selected&quot;:false,&quot;code&quot;:null,&quot;id&quot;:null},{&quot;label&quot;:&quot;Toilinux&quot;,&quot;count&quot;:11,&quot;selected&quot;:false,&quot;code&quot;:null,&quot;id&quot;:null},{&quot;label&quot;:&quot;Chateau Corbiac Pecharmant&quot;,&quot;count&quot;:10,&quot;selected&quot;:false,&quot;code&quot;:null,&quot;id&quot;:null},{&quot;label&quot;:&quot;Ch\u00e2teau la Capelle&quot;,&quot;count&quot;:9,&quot;selected&quot;:false,&quot;code&quot;:null,&quot;id&quot;:null},{&quot;label&quot;:&quot;Cellier du P\u00e9rigord&quot;,&quot;count&quot;:8,&quot;selected&quot;:false,&quot;code&quot;:null,&quot;id&quot;:null},{&quot;label&quot;:&quot;Cestino Italiano&quot;,&quot;count&quot;:3,&quot;selected&quot;:false,&quot;code&quot;:null,&quot;id&quot;:null},{&quot;label&quot;:&quot;HECOSFAIR&quot;,&quot;count&quot;:2,&quot;selected&quot;:false,&quot;code&quot;:null,&quot;id&quot;:null},{&quot;label&quot;:&quot;Mon Epicerie Fine de Terroir&quot;,&quot;count&quot;:2,&quot;selected&quot;:false,&quot;code&quot;:null,&quot;id&quot;:null},{&quot;label&quot;:&quot;SpnDrinks&quot;,&quot;count&quot;:2,&quot;selected&quot;:false,&quot;code&quot;:null,&quot;id&quot;:null},{&quot;label&quot;:&quot;BoStyleConfort - \u00c9picerie d&#039;Asie&quot;,&quot;count&quot;:1,&quot;selected&quot;:false,&quot;code&quot;:null,&quot;id&quot;:null},{&quot;label&quot;:&quot;Middle East Market&quot;,&quot;count&quot;:1,&quot;selected&quot;:false,&quot;code&quot;:null,&quot;id&quot;:null}],&quot;ranges&quot;:[]}],&quot;navigationFacet&quot;:null,&quot;promoFacets&quot;:null,&quot;currentSort&quot;:null,&quot;sortOptions&quot;:[&quot;facet_price&quot;,&quot;productSimpleView.pricePerUnitCents&quot;],&quot;breadcrumb&quot;:[{&quot;id&quot;:&quot;27070&quot;,&quot;code&quot;:&quot;R10&quot;,&quot;slug&quot;:&quot;boissons&quot;,&quot;label&quot;:&quot;Boissons&quot;,&quot;uri&quot;:&quot;boissons&quot;,&quot;type&quot;:&quot;RAYON&quot;,&quot;level&quot;:1,&quot;sellerId&quot;:null,&quot;link&quot;:&quot;\/r\/boissons&quot;},{&quot;id&quot;:&quot;27074&quot;,&quot;code&quot;:&quot;R10F02&quot;,&quot;slug&quot;:&quot;cave-a-vins&quot;,&quot;label&quot;:&quot;Cave \u00e0 vins&quot;,&quot;uri&quot;:&quot;boissons\/cave-a-vins&quot;,&quot;type&quot;:&quot;RAYON&quot;,&quot;level&quot;:2,&quot;sellerId&quot;:null,&quot;link&quot;:&quot;\/r\/boissons\/cave-a-vins&quot;}],&quot;sideMenu&quot;:{&quot;navigation&quot;:[{&quot;name&quot;:&quot;Boissons&quot;,&quot;code&quot;:&quot;R10&quot;,&quot;id&quot;:&quot;27070&quot;,&quot;type&quot;:&quot;RAYON&quot;,&quot;picto&quot;:&quot;https:\/\/media.carrefour.fr\/medias\/5994db3414e934f68edcb2a3cd59ba20\/p_96x96\/27070.jpg&quot;,&quot;level&quot;:1,&quot;sellerId&quot;:null,&quot;slug&quot;:&quot;boissons&quot;,&quot;selected&quot;:false,&quot;children&quot;:[{&quot;name&quot;:&quot;Champagnes et P\u00e9tillants&quot;,&quot;code&quot;:&quot;R10F01&quot;,&quot;id&quot;:&quot;27075&quot;,&quot;type&quot;:&quot;RAYON&quot;,&quot;picto&quot;:null,&quot;level&quot;:2,&quot;sellerId&quot;:null,&quot;slug&quot;:&quot;champagnes-petillants&quot;,&quot;selected&quot;:false,&quot;children&quot;:[],&quot;layers&quot;:&quot;\/navigation\/27075\/layers&quot;,&quot;link&quot;:&quot;\/r\/boissons\/champagnes-petillants&quot;},{&quot;name&quot;:&quot;Cave \u00e0 vins&quot;,&quot;code&quot;:&quot;R10F02&quot;,&quot;id&quot;:&quot;27074&quot;,&quot;type&quot;:&quot;RAYON&quot;,&quot;picto&quot;:null,&quot;level&quot;:2,&quot;sellerId&quot;:null,&quot;slug&quot;:&quot;cave-a-vins&quot;,&quot;selected&quot;:false,&quot;children&quot;:[],&quot;layers&quot;:&quot;\/navigation\/27074\/layers&quot;,&quot;link&quot;:&quot;\/r\/boissons\/cave-a-vins&quot;},{&quot;name&quot;:&quot;Bi\u00e8res et Cidres&quot;,&quot;code&quot;:&quot;R10F03&quot;,&quot;id&quot;:&quot;27076&quot;,&quot;type&quot;:&quot;RAYON&quot;,&quot;picto&quot;:null,&quot;level&quot;:2,&quot;sellerId&quot;:null,&quot;slug&quot;:&quot;bieres-cidres&quot;,&quot;selected&quot;:false,&quot;children&quot;:[],&quot;layers&quot;:&quot;\/navigation\/27076\/layers&quot;,&quot;link&quot;:&quot;\/r\/boissons\/bieres-cidres&quot;},{&quot;name&quot;:&quot;Ap\u00e9ritifs et Spiritueux&quot;,&quot;code&quot;:&quot;R10F04&quot;,&quot;id&quot;:&quot;27077&quot;,&quot;type&quot;:&quot;RAYON&quot;,&quot;picto&quot;:null,&quot;level&quot;:2,&quot;sellerId&quot;:null,&quot;slug&quot;:&quot;aperitifs-et-spiritueux&quot;,&quot;selected&quot;:false,&quot;children&quot;:[],&quot;layers&quot;:&quot;\/navigation\/27077\/layers&quot;,&quot;link&quot;:&quot;\/r\/boissons\/aperitifs-et-spiritueux&quot;},{&quot;name&quot;:&quot;Eaux&quot;,&quot;code&quot;:&quot;R10F05&quot;,&quot;id&quot;:&quot;27071&quot;,&quot;type&quot;:&quot;RAYON&quot;,&quot;picto&quot;:null,&quot;level&quot;:2,&quot;sellerId&quot;:null,&quot;slug&quot;:&quot;eaux&quot;,&quot;selected&quot;:false,&quot;children&quot;:[],&quot;layers&quot;:&quot;\/navigation\/27071\/layers&quot;,&quot;link&quot;:&quot;\/r\/boissons\/eaux&quot;},{&quot;name&quot;:&quot;Jus de fruits et L\u00e9gumes&quot;,&quot;code&quot;:&quot;R10F06&quot;,&quot;id&quot;:&quot;27072&quot;,&quot;type&quot;:&quot;RAYON&quot;,&quot;picto&quot;:null,&quot;level&quot;:2,&quot;sellerId&quot;:null,&quot;slug&quot;:&quot;jus-fruits-legumes&quot;,&quot;selected&quot;:false,&quot;children&quot;:[],&quot;layers&quot;:&quot;\/navigation\/27072\/layers&quot;,&quot;link&quot;:&quot;\/r\/boissons\/jus-fruits-legumes&quot;},{&quot;name&quot;:&quot;Colas, Th\u00e9s glac\u00e9s et Softs&quot;,&quot;code&quot;:&quot;R10F07&quot;,&quot;id&quot;:&quot;27073&quot;,&quot;type&quot;:&quot;RAYON&quot;,&quot;picto&quot;:null,&quot;level&quot;:2,&quot;sellerId&quot;:null,&quot;slug&quot;:&quot;colas-thes-glaces-et-soft-drinks&quot;,&quot;selected&quot;:false,&quot;children&quot;:[],&quot;layers&quot;:&quot;\/navigation\/27073\/layers&quot;,&quot;link&quot;:&quot;\/r\/boissons\/colas-thes-glaces-et-soft-drinks&quot;}],&quot;layers&quot;:&quot;\/navigation\/27070\/layers&quot;,&quot;link&quot;:&quot;\/r\/boissons&quot;},{&quot;name&quot;:&quot;Cave \u00e0 vins&quot;,&quot;code&quot;:&quot;R10F02&quot;,&quot;id&quot;:&quot;27074&quot;,&quot;type&quot;:&quot;RAYON&quot;,&quot;picto&quot;:null,&quot;level&quot;:2,&quot;sellerId&quot;:null,&quot;slug&quot;:&quot;cave-a-vins&quot;,&quot;selected&quot;:false,&quot;children&quot;:[{&quot;name&quot;:&quot;Vins rouges&quot;,&quot;code&quot;:&quot;R10F02SF01&quot;,&quot;id&quot;:&quot;27105&quot;,&quot;type&quot;:&quot;RAYON&quot;,&quot;picto&quot;:null,&quot;level&quot;:3,&quot;sellerId&quot;:null,&quot;slug&quot;:&quot;vins-rouges&quot;,&quot;selected&quot;:false,&quot;children&quot;:[],&quot;layers&quot;:&quot;\/navigation\/27105\/layers&quot;,&quot;link&quot;:&quot;\/r\/boissons\/cave-a-vins\/vins-rouges&quot;},{&quot;name&quot;:&quot;Vins blancs&quot;,&quot;code&quot;:&quot;R10F02SF02&quot;,&quot;id&quot;:&quot;27106&quot;,&quot;type&quot;:&quot;RAYON&quot;,&quot;picto&quot;:null,&quot;level&quot;:3,&quot;sellerId&quot;:null,&quot;slug&quot;:&quot;vins-blancs&quot;,&quot;selected&quot;:false,&quot;children&quot;:[],&quot;layers&quot;:&quot;\/navigation\/27106\/layers&quot;,&quot;link&quot;:&quot;\/r\/boissons\/cave-a-vins\/vins-blancs&quot;},{&quot;name&quot;:&quot;Vins ros\u00e9s&quot;,&quot;code&quot;:&quot;R10F02SF03&quot;,&quot;id&quot;:&quot;27107&quot;,&quot;type&quot;:&quot;RAYON&quot;,&quot;picto&quot;:null,&quot;level&quot;:3,&quot;sellerId&quot;:null,&quot;slug&quot;:&quot;vins-roses&quot;,&quot;selected&quot;:false,&quot;children&quot;:[],&quot;layers&quot;:&quot;\/navigation\/27107\/layers&quot;,&quot;link&quot;:&quot;\/r\/boissons\/cave-a-vins\/vins-roses&quot;},{&quot;name&quot;:&quot;Vins \u00e9trangers&quot;,&quot;code&quot;:&quot;R10F02SF04&quot;,&quot;id&quot;:&quot;27139&quot;,&quot;type&quot;:&quot;RAYON&quot;,&quot;picto&quot;:null,&quot;level&quot;:3,&quot;sellerId&quot;:null,&quot;slug&quot;:&quot;vins-etrangers&quot;,&quot;selected&quot;:false,&quot;children&quot;:null,&quot;layers&quot;:&quot;\/navigation\/27139\/layers&quot;,&quot;link&quot;:&quot;\/r\/boissons\/cave-a-vins\/vins-etrangers&quot;},{&quot;name&quot;:&quot;Fontaines \u00e0 vins&quot;,&quot;code&quot;:&quot;R10F02SF05&quot;,&quot;id&quot;:&quot;27140&quot;,&quot;type&quot;:&quot;RAYON&quot;,&quot;picto&quot;:null,&quot;level&quot;:3,&quot;sellerId&quot;:null,&quot;slug&quot;:&quot;fontaines-vins&quot;,&quot;selected&quot;:false,&quot;children&quot;:null,&quot;layers&quot;:&quot;\/navigation\/27140\/layers&quot;,&quot;link&quot;:&quot;\/r\/boissons\/cave-a-vins\/fontaines-vins&quot;}],&quot;layers&quot;:&quot;\/navigation\/27074\/layers&quot;,&quot;link&quot;:&quot;\/r\/boissons\/cave-a-vins&quot;}]},&quot;hero&quot;:{&quot;background&quot;:&quot;https:\/\/static-cms.carrefour.fr\/sites\/default\/files\/2020-02\/2880x360-ban-plp-alcools.jpg?itok=yWffXxVM&quot;,&quot;mobileBackground&quot;:&quot;https:\/\/static-cms.carrefour.fr\/sites\/default\/files\/2020-02\/2880x360-ban-plp-alcools.jpg?itok=yWffXxVM&quot;,&quot;heading&quot;:&quot;Cave \u00e0 vins&quot;,&quot;content&quot;:null,&quot;sponsorContent&quot;:null,&quot;icon&quot;:null},&quot;promoBanner&quot;:null,&quot;tags&quot;:{&quot;description&quot;:&quot;Retrouvez toutes nos offres et promotions dans le rayon Cave \u00e0 vins. Faites vos courses en ligne aux m\u00eames prix qu&#039;en magasin et faites vous livrer ou retirez rapidement vos courses dans votre magasin.&quot;,&quot;twitter_cards_title&quot;:&quot;    Cave \u00e0 vins : Boissons pas cher en Livraison et Drive&quot;,&quot;twitter_description&quot;:&quot;Retrouvez toutes nos offres et promotions dans le rayon Cave \u00e0 vins. Faites vos courses en ligne aux m\u00eames prix qu&#039;en magasin et faites vous livrer ou retirez rapidement vos courses dans votre magasin.&quot;,&quot;og_title&quot;:&quot;    Cave \u00e0 vins : Boissons pas cher en Livraison et Drive&quot;,&quot;og_description&quot;:&quot;Retrouvez toutes nos offres et promotions dans le rayon Cave \u00e0 vins. Faites vos courses en ligne aux m\u00eames prix qu&#039;en magasin et faites vous livrer ou retirez rapidement vos courses dans votre magasin.&quot;,&quot;og_type&quot;:&quot;product.group&quot;,&quot;og_site_name&quot;:&quot;Carrefour.fr&quot;,&quot;og_url&quot;:&quot;\/r\/boissons\/cave-a-vins&quot;,&quot;og_image&quot;:&quot;https:\/\/static-cms.carrefour.fr\/sites\/default\/files\/2020-02\/2880x360-ban-plp-alcools.jpg?itok=yWffXxVM&quot;,&quot;twitter_cards_image&quot;:&quot;https:\/\/static-cms.carrefour.fr\/sites\/default\/files\/2020-02\/2880x360-ban-plp-alcools.jpg?itok=yWffXxVM&quot;},&quot;editorialBlocks&quot;:[],&quot;paginationBehaviour&quot;:{&quot;isInfiniteScrollEnabled&quot;:false,&quot;isPrefetchEnabled&quot;:true,&quot;infiniteScrollThreshold&quot;:1000},&quot;marketplaceGuide&quot;:false,&quot;recommendationVars&quot;:{&quot;categories&quot;:[&quot;27070&quot;,&quot;27074&quot;],&quot;category&quot;:&quot;27074&quot;}}"
>
    
    <ul id="data-plp_produits" class="product-grid">
    
            
                <li class="product-grid-item " >
    
                        


<div
  is="ds-product-card"
  class="ds-product-card__twigwrap"
  :index="0"
  :product="{&quot;type&quot;:&quot;product&quot;,&quot;id&quot;:&quot;product-3306380119965&quot;,&quot;attributes&quot;:{&quot;ean&quot;:&quot;3306380119965&quot;,&quot;cdbase&quot;:&quot;5512191&quot;,&quot;title&quot;:&quot;Vin Rouge Bordeaux Lussac Saint Emilion Merlot - Cabernet Franc  - Cabernet Sauvignon L DE LUSSAC&quot;,&quot;brand&quot;:&quot;REFS.SANS MARQUE&quot;,&quot;slug&quot;:&quot;vin-rouge-bordeaux-lussac-saint-emilion-merlot-cabernet-franc-cabernet-sauvignon-l-de-lussac&quot;,&quot;availability&quot;:{&quot;indispensable&quot;:false,&quot;purchasable&quot;:true,&quot;stopped&quot;:false,&quot;suspended&quot;:false,&quot;suspensionReason&quot;:null,&quot;checkable&quot;:false,&quot;currentStoreOffer&quot;:null},&quot;price&quot;:{&quot;price&quot;:6.2000000000000002,&quot;unitOfMeasure&quot;:&quot;Litre&quot;,&quot;perUnitLabel&quot;:&quot;8.27 \u20ac \/ Litre&quot;,&quot;taxMessage&quot;:&quot;&quot;,&quot;perUnit&quot;:8.2699999999999996},&quot;ordering&quot;:{&quot;min&quot;:1,&quot;step&quot;:1,&quot;max&quot;:36},&quot;offerServiceId&quot;:&quot;0261-150-6&quot;,&quot;uri&quot;:&quot;boissons\/cave-a-vins\/vins-rouges\/bordeaux&quot;,&quot;categories&quot;:[{&quot;id&quot;:&quot;27070&quot;,&quot;code&quot;:&quot;R10&quot;,&quot;slug&quot;:&quot;boissons&quot;,&quot;label&quot;:&quot;Boissons&quot;,&quot;uri&quot;:&quot;boissons&quot;,&quot;type&quot;:&quot;RAYON&quot;,&quot;level&quot;:1,&quot;sellerId&quot;:null},{&quot;id&quot;:&quot;27074&quot;,&quot;code&quot;:&quot;R10F02&quot;,&quot;slug&quot;:&quot;cave-a-vins&quot;,&quot;label&quot;:&quot;Cave \u00e0 vins&quot;,&quot;uri&quot;:&quot;boissons\/cave-a-vins&quot;,&quot;type&quot;:&quot;RAYON&quot;,&quot;level&quot;:2,&quot;sellerId&quot;:null},{&quot;id&quot;:&quot;27105&quot;,&quot;code&quot;:&quot;R10F02SF01&quot;,&quot;slug&quot;:&quot;vins-rouges&quot;,&quot;label&quot;:&quot;Vins rouges&quot;,&quot;uri&quot;:&quot;boissons\/cave-a-vins\/vins-rouges&quot;,&quot;type&quot;:&quot;RAYON&quot;,&quot;level&quot;:3,&quot;sellerId&quot;:null},{&quot;id&quot;:&quot;27141&quot;,&quot;code&quot;:&quot;R10F02SF01SS01&quot;,&quot;slug&quot;:&quot;bordeaux&quot;,&quot;label&quot;:&quot;Bordeaux&quot;,&quot;uri&quot;:&quot;boissons\/cave-a-vins\/vins-rouges\/bordeaux&quot;,&quot;type&quot;:&quot;RAYON&quot;,&quot;level&quot;:4,&quot;sellerId&quot;:null}],&quot;topCategoryName&quot;:&quot;Boissons&quot;,&quot;images&quot;:[{&quot;largest&quot;:&quot;\/media\/1500x1500\/Photosite\/PGC\/BOISSONS\/3306380119965_PHOTOSITE_20200213_172230_0.jpg?placeholder=1&quot;,&quot;1500x1500&quot;:&quot;\/media\/1500x1500\/Photosite\/PGC\/BOISSONS\/3306380119965_PHOTOSITE_20200213_172230_0.jpg?placeholder=1&quot;,&quot;540x540&quot;:&quot;\/media\/540x540\/Photosite\/PGC\/BOISSONS\/3306380119965_PHOTOSITE_20200213_172230_0.jpg?placeholder=1&quot;,&quot;380x380&quot;:&quot;\/media\/380x380\/Photosite\/PGC\/BOISSONS\/3306380119965_PHOTOSITE_20200213_172230_0.jpg?placeholder=1&quot;,&quot;340x340&quot;:&quot;\/media\/340x340\/Photosite\/PGC\/BOISSONS\/3306380119965_PHOTOSITE_20200213_172230_0.jpg?placeholder=1&quot;,&quot;340x240&quot;:&quot;\/media\/340x240\/Photosite\/PGC\/BOISSONS\/3306380119965_PHOTOSITE_20200213_172230_0.jpg?placeholder=1&quot;,&quot;280x280&quot;:&quot;\/media\/280x280\/Photosite\/PGC\/BOISSONS\/3306380119965_PHOTOSITE_20200213_172230_0.jpg?placeholder=1&quot;,&quot;195x195&quot;:&quot;\/media\/195x195\/Photosite\/PGC\/BOISSONS\/3306380119965_PHOTOSITE_20200213_172230_0.jpg?placeholder=1&quot;,&quot;150x150&quot;:&quot;\/media\/150x150\/Photosite\/PGC\/BOISSONS\/3306380119965_PHOTOSITE_20200213_172230_0.jpg?placeholder=1&quot;,&quot;43x43&quot;:&quot;\/media\/43x43\/Photosite\/PGC\/BOISSONS\/3306380119965_PHOTOSITE_20200213_172230_0.jpg?placeholder=1&quot;}],&quot;promotion&quot;:null,&quot;isDonation&quot;:false,&quot;highlightLabel&quot;:null,&quot;seller&quot;:null,&quot;sellerId&quot;:null,&quot;marketplace&quot;:null,&quot;freshness&quot;:null,&quot;traceability&quot;:null,&quot;flags&quot;:[],&quot;clubs&quot;:[],&quot;packaging&quot;:&quot;la bouteille de 75cL&quot;,&quot;origin&quot;:&quot;&quot;,&quot;format&quot;:&quot;75cL&quot;},&quot;relationships&quot;:{&quot;substitution&quot;:null},&quot;meta&quot;:{&quot;recommendation&quot;:null,&quot;cta&quot;:&quot;buy&quot;,&quot;features&quot;:{&quot;shoppingList&quot;:true,&quot;deletable&quot;:false,&quot;swap&quot;:false,&quot;feedback&quot;:false,&quot;freshness&quot;:true}},&quot;links&quot;:{&quot;self&quot;:&quot;\/p\/vin-rouge-bordeaux-lussac-saint-emilion-merlot-cabernet-franc-cabernet-sauvignon-l-de-lussac-3306380119965?t=27074&quot;}}"
  layout="vertical"
  :render-context="{&quot;zone&quot;:&quot;product-list&quot;,&quot;clickAndCollectEnable&quot;:true}"
  >
  <article class="ds-product-card ds-product-card--vertical">
  <div>
              <div class="ds-product-card--vertical-icons">
                <div
  class="add-to-shoppinglist"
  ean="3306380119965"
  is="add-to-shoppinglist"
></div>
      
        
      </div>
        <div class="ds-product-card--vertical-highlightlabel">
      
    </div>
    <div class="ds-product-card--vertical-infos">
      <div class="ds-product-card--vertical-text">
                
<a
  href="/p/vin-rouge-bordeaux-lussac-saint-emilion-merlot-cabernet-franc-cabernet-sauvignon-l-de-lussac-3306380119965?t=27074"
  title="Vin Rouge Bordeaux Lussac Saint Emilion Merlot - Cabernet Franc  - Cabernet Sauvignon L DE LUSSAC"
  rel=""
  target=""
  class="product-card-title product-card-title__reduced-line-clamp"
>
  

      

<h2 class="ds-title ds-title--s ds-title--medium">
  Vin Rouge Bordeaux Lussac Saint Emilion Merlot - Cabernet Franc  - Cabernet Sauvignon L DE LUSSAC
</h2>
</a>
      
                

    

<div class="ds-body-text ds-body-text--size-s ds-body-text--color-standard-3 product-card-packaging">
      la bouteille de 75cL
  </div>
      
                

    

<div class="ds-body-text ds-body-text--size-s ds-body-text--color-standard-3 product-card-per-unit-label">
      8.27 € / Litre
  </div>
      
      </div>
      <div class="ds-product-card--vertical-image">
                
<a
  href="/p/vin-rouge-bordeaux-lussac-saint-emilion-merlot-cabernet-franc-cabernet-sauvignon-l-de-lussac-3306380119965?t=27074"
  title="Vin Rouge Bordeaux Lussac Saint Emilion Merlot - Cabernet Franc  - Cabernet Sauvignon L DE LUSSAC"
  rel=""
  target=""
  class="product-card-image"
>
  <img
      src="/media/280x280/Photosite/PGC/BOISSONS/3306380119965_PHOTOSITE_20200213_172230_0.jpg?placeholder=1"         alt="Vin Rouge Bordeaux Lussac Saint Emilion Merlot - Cabernet Franc  - Cabernet Sauvignon L DE LUSSAC"
  class="image product-card-image__image"
/>
</a>
      
      </div>
    </div>
        
    
  </div>
  <div>
    <div class="ds-product-card--vertical-promotion">
      
    </div>
    <div class="ds-product-card--vertical-flex">
              
    

    


<div class="product-card-price">
  <div class="product-card-price__price">
    

    

<span class="ds-title ds-title--m product-card-price__price--final">
  6,20€
</span>

      </div>
</div>
      
      <div class="ds-product-card--vertical-cta">
                  
<form
  is="add-to-cart"
  id="data-produit-acheter"
  class="add-to-cart"
  :product="{&quot;type&quot;:&quot;product&quot;,&quot;id&quot;:&quot;product-3306380119965&quot;,&quot;attributes&quot;:{&quot;ean&quot;:&quot;3306380119965&quot;,&quot;cdbase&quot;:&quot;5512191&quot;,&quot;title&quot;:&quot;Vin Rouge Bordeaux Lussac Saint Emilion Merlot - Cabernet Franc  - Cabernet Sauvignon L DE LUSSAC&quot;,&quot;brand&quot;:&quot;REFS.SANS MARQUE&quot;,&quot;slug&quot;:&quot;vin-rouge-bordeaux-lussac-saint-emilion-merlot-cabernet-franc-cabernet-sauvignon-l-de-lussac&quot;,&quot;availability&quot;:{&quot;indispensable&quot;:false,&quot;purchasable&quot;:true,&quot;stopped&quot;:false,&quot;suspended&quot;:false,&quot;suspensionReason&quot;:null,&quot;checkable&quot;:false,&quot;currentStoreOffer&quot;:null},&quot;price&quot;:{&quot;price&quot;:6.2000000000000002,&quot;unitOfMeasure&quot;:&quot;Litre&quot;,&quot;perUnitLabel&quot;:&quot;8.27 \u20ac \/ Litre&quot;,&quot;taxMessage&quot;:&quot;&quot;,&quot;perUnit&quot;:8.2699999999999996},&quot;ordering&quot;:{&quot;min&quot;:1,&quot;step&quot;:1,&quot;max&quot;:36},&quot;offerServiceId&quot;:&quot;0261-150-6&quot;,&quot;uri&quot;:&quot;boissons\/cave-a-vins\/vins-rouges\/bordeaux&quot;,&quot;categories&quot;:[{&quot;id&quot;:&quot;27070&quot;,&quot;code&quot;:&quot;R10&quot;,&quot;slug&quot;:&quot;boissons&quot;,&quot;label&quot;:&quot;Boissons&quot;,&quot;uri&quot;:&quot;boissons&quot;,&quot;type&quot;:&quot;RAYON&quot;,&quot;level&quot;:1,&quot;sellerId&quot;:null},{&quot;id&quot;:&quot;27074&quot;,&quot;code&quot;:&quot;R10F02&quot;,&quot;slug&quot;:&quot;cave-a-vins&quot;,&quot;label&quot;:&quot;Cave \u00e0 vins&quot;,&quot;uri&quot;:&quot;boissons\/cave-a-vins&quot;,&quot;type&quot;:&quot;RAYON&quot;,&quot;level&quot;:2,&quot;sellerId&quot;:null},{&quot;id&quot;:&quot;27105&quot;,&quot;code&quot;:&quot;R10F02SF01&quot;,&quot;slug&quot;:&quot;vins-rouges&quot;,&quot;label&quot;:&quot;Vins rouges&quot;,&quot;uri&quot;:&quot;boissons\/cave-a-vins\/vins-rouges&quot;,&quot;type&quot;:&quot;RAYON&quot;,&quot;level&quot;:3,&quot;sellerId&quot;:null},{&quot;id&quot;:&quot;27141&quot;,&quot;code&quot;:&quot;R10F02SF01SS01&quot;,&quot;slug&quot;:&quot;bordeaux&quot;,&quot;label&quot;:&quot;Bordeaux&quot;,&quot;uri&quot;:&quot;boissons\/cave-a-vins\/vins-rouges\/bordeaux&quot;,&quot;type&quot;:&quot;RAYON&quot;,&quot;level&quot;:4,&quot;sellerId&quot;:null}],&quot;topCategoryName&quot;:&quot;Boissons&quot;,&quot;images&quot;:[{&quot;largest&quot;:&quot;\/media\/1500x1500\/Photosite\/PGC\/BOISSONS\/3306380119965_PHOTOSITE_20200213_172230_0.jpg?placeholder=1&quot;,&quot;1500x1500&quot;:&quot;\/media\/1500x1500\/Photosite\/PGC\/BOISSONS\/3306380119965_PHOTOSITE_20200213_172230_0.jpg?placeholder=1&quot;,&quot;540x540&quot;:&quot;\/media\/540x540\/Photosite\/PGC\/BOISSONS\/3306380119965_PHOTOSITE_20200213_172230_0.jpg?placeholder=1&quot;,&quot;380x380&quot;:&quot;\/media\/380x380\/Photosite\/PGC\/BOISSONS\/3306380119965_PHOTOSITE_20200213_172230_0.jpg?placeholder=1&quot;,&quot;340x340&quot;:&quot;\/media\/340x340\/Photosite\/PGC\/BOISSONS\/3306380119965_PHOTOSITE_20200213_172230_0.jpg?placeholder=1&quot;,&quot;340x240&quot;:&quot;\/media\/340x240\/Photosite\/PGC\/BOISSONS\/3306380119965_PHOTOSITE_20200213_172230_0.jpg?placeholder=1&quot;,&quot;280x280&quot;:&quot;\/media\/280x280\/Photosite\/PGC\/BOISSONS\/3306380119965_PHOTOSITE_20200213_172230_0.jpg?placeholder=1&quot;,&quot;195x195&quot;:&quot;\/media\/195x195\/Photosite\/PGC\/BOISSONS\/3306380119965_PHOTOSITE_20200213_172230_0.jpg?placeholder=1&quot;,&quot;150x150&quot;:&quot;\/media\/150x150\/Photosite\/PGC\/BOISSONS\/3306380119965_PHOTOSITE_20200213_172230_0.jpg?placeholder=1&quot;,&quot;43x43&quot;:&quot;\/media\/43x43\/Photosite\/PGC\/BOISSONS\/3306380119965_PHOTOSITE_20200213_172230_0.jpg?placeholder=1&quot;}],&quot;promotion&quot;:null,&quot;isDonation&quot;:false,&quot;highlightLabel&quot;:null,&quot;seller&quot;:null,&quot;sellerId&quot;:null,&quot;marketplace&quot;:null,&quot;freshness&quot;:null,&quot;traceability&quot;:null,&quot;flags&quot;:[],&quot;clubs&quot;:[],&quot;packaging&quot;:&quot;la bouteille de 75cL&quot;,&quot;origin&quot;:&quot;&quot;,&quot;format&quot;:&quot;75cL&quot;},&quot;relationships&quot;:{&quot;substitution&quot;:null},&quot;meta&quot;:{&quot;recommendation&quot;:null,&quot;cta&quot;:&quot;buy&quot;,&quot;features&quot;:{&quot;shoppingList&quot;:true,&quot;deletable&quot;:false,&quot;swap&quot;:false,&quot;feedback&quot;:false,&quot;freshness&quot;:true}},&quot;links&quot;:{&quot;self&quot;:&quot;\/p\/vin-rouge-bordeaux-lussac-saint-emilion-merlot-cabernet-franc-cabernet-sauvignon-l-de-lussac-3306380119965?t=27074&quot;}}"
  is-click-and-collect=""
  offer-service-id="0261-150-6"
  basket-service-id=""
  :render-context="{&quot;zone&quot;:&quot;product-list&quot;,&quot;clickAndCollectEnable&quot;:true}" >
  

<button
  class="pl-button pl-button--primary"
        
>
      <span class="pl-button__label">
                    </span>
  </button>
</form>

      
      </div>
    </div>
      </div>
</article>
</div>

                    </li>
            
                <li class="product-grid-item " >
    
                        


<div
  is="ds-product-card"
  class="ds-product-card__twigwrap"
  :index="1"
  :product="{&quot;type&quot;:&quot;product&quot;,&quot;id&quot;:&quot;product-3245415191722&quot;,&quot;attributes&quot;:{&quot;ean&quot;:&quot;3245415191722&quot;,&quot;cdbase&quot;:&quot;4348974&quot;,&quot;title&quot;:&quot;Vin Rouge Sud Ouest Bergerac Merlot - Cabernet Sauvignon - Cabernet Franc LA CAVE D&#039;AUGUSTIN FLORENT&quot;,&quot;brand&quot;:&quot;CAVE AUGUSTIN FLOREN&quot;,&quot;slug&quot;:&quot;vin-rouge-sud-ouest-bergerac-merlot-cabernet-sauvignon-cabernet-franc-la-cave-d-augustin-florent&quot;,&quot;availability&quot;:{&quot;indispensable&quot;:false,&quot;purchasable&quot;:true,&quot;stopped&quot;:false,&quot;suspended&quot;:false,&quot;suspensionReason&quot;:null,&quot;checkable&quot;:false,&quot;currentStoreOffer&quot;:null},&quot;price&quot;:{&quot;price&quot;:13.5,&quot;unitOfMeasure&quot;:&quot;Litre&quot;,&quot;perUnitLabel&quot;:&quot;2.70 \u20ac \/ Litre&quot;,&quot;taxMessage&quot;:&quot;&quot;,&quot;perUnit&quot;:2.7000000000000002},&quot;ordering&quot;:{&quot;min&quot;:1,&quot;step&quot;:1,&quot;max&quot;:36},&quot;offerServiceId&quot;:&quot;0261-150-6&quot;,&quot;uri&quot;:&quot;boissons\/cave-a-vins\/fontaines-vins&quot;,&quot;categories&quot;:[{&quot;id&quot;:&quot;27070&quot;,&quot;code&quot;:&quot;R10&quot;,&quot;slug&quot;:&quot;boissons&quot;,&quot;label&quot;:&quot;Boissons&quot;,&quot;uri&quot;:&quot;boissons&quot;,&quot;type&quot;:&quot;RAYON&quot;,&quot;level&quot;:1,&quot;sellerId&quot;:null},{&quot;id&quot;:&quot;27074&quot;,&quot;code&quot;:&quot;R10F02&quot;,&quot;slug&quot;:&quot;cave-a-vins&quot;,&quot;label&quot;:&quot;Cave \u00e0 vins&quot;,&quot;uri&quot;:&quot;boissons\/cave-a-vins&quot;,&quot;type&quot;:&quot;RAYON&quot;,&quot;level&quot;:2,&quot;sellerId&quot;:null},{&quot;id&quot;:&quot;27140&quot;,&quot;code&quot;:&quot;R10F02SF05&quot;,&quot;slug&quot;:&quot;fontaines-vins&quot;,&quot;label&quot;:&quot;Fontaines \u00e0 vins&quot;,&quot;uri&quot;:&quot;boissons\/cave-a-vins\/fontaines-vins&quot;,&quot;type&quot;:&quot;RAYON&quot;,&quot;level&quot;:3,&quot;sellerId&quot;:null}],&quot;topCategoryName&quot;:&quot;Boissons&quot;,&quot;images&quot;:[{&quot;largest&quot;:&quot;\/media\/1500x1500\/Photosite\/PGC\/BOISSONS\/3245415191722_PHOTOSITE_20200213_172209_0.jpg?placeholder=1&quot;,&quot;1500x1500&quot;:&quot;\/media\/1500x1500\/Photosite\/PGC\/BOISSONS\/3245415191722_PHOTOSITE_20200213_172209_0.jpg?placeholder=1&quot;,&quot;540x540&quot;:&quot;\/media\/540x540\/Photosite\/PGC\/BOISSONS\/3245415191722_PHOTOSITE_20200213_172209_0.jpg?placeholder=1&quot;,&quot;380x380&quot;:&quot;\/media\/380x380\/Photosite\/PGC\/BOISSONS\/3245415191722_PHOTOSITE_20200213_172209_0.jpg?placeholder=1&quot;,&quot;340x340&quot;:&quot;\/media\/340x340\/Photosite\/PGC\/BOISSONS\/3245415191722_PHOTOSITE_20200213_172209_0.jpg?placeholder=1&quot;,&quot;340x240&quot;:&quot;\/media\/340x240\/Photosite\/PGC\/BOISSONS\/3245415191722_PHOTOSITE_20200213_172209_0.jpg?placeholder=1&quot;,&quot;280x280&quot;:&quot;\/media\/280x280\/Photosite\/PGC\/BOISSONS\/3245415191722_PHOTOSITE_20200213_172209_0.jpg?placeholder=1&quot;,&quot;195x195&quot;:&quot;\/media\/195x195\/Photosite\/PGC\/BOISSONS\/3245415191722_PHOTOSITE_20200213_172209_0.jpg?placeholder=1&quot;,&quot;150x150&quot;:&quot;\/media\/150x150\/Photosite\/PGC\/BOISSONS\/3245415191722_PHOTOSITE_20200213_172209_0.jpg?placeholder=1&quot;,&quot;43x43&quot;:&quot;\/media\/43x43\/Photosite\/PGC\/BOISSONS\/3245415191722_PHOTOSITE_20200213_172209_0.jpg?placeholder=1&quot;}],&quot;promotion&quot;:null,&quot;isDonation&quot;:false,&quot;highlightLabel&quot;:null,&quot;seller&quot;:null,&quot;sellerId&quot;:null,&quot;marketplace&quot;:null,&quot;freshness&quot;:null,&quot;traceability&quot;:null,&quot;flags&quot;:[],&quot;clubs&quot;:[],&quot;packaging&quot;:&quot;la fontaine de 5L&quot;,&quot;origin&quot;:&quot;&quot;,&quot;format&quot;:&quot;5L&quot;},&quot;relationships&quot;:{&quot;substitution&quot;:null},&quot;meta&quot;:{&quot;recommendation&quot;:null,&quot;cta&quot;:&quot;buy&quot;,&quot;features&quot;:{&quot;shoppingList&quot;:true,&quot;deletable&quot;:false,&quot;swap&quot;:false,&quot;feedback&quot;:false,&quot;freshness&quot;:true}},&quot;links&quot;:{&quot;self&quot;:&quot;\/p\/vin-rouge-sud-ouest-bergerac-merlot-cabernet-sauvignon-cabernet-franc-la-cave-d-augustin-florent-3245415191722?t=27074&quot;}}"
  layout="vertical"
  :render-context="{&quot;zone&quot;:&quot;product-list&quot;,&quot;clickAndCollectEnable&quot;:true}"
  >
  <article class="ds-product-card ds-product-card--vertical">
  <div>
              <div class="ds-product-card--vertical-icons">
                <div
  class="add-to-shoppinglist"
  ean="3245415191722"
  is="add-to-shoppinglist"
></div>
      
        
      </div>
        <div class="ds-product-card--vertical-highlightlabel">
      
    </div>
    <div class="ds-product-card--vertical-infos">
      <div class="ds-product-card--vertical-text">
                
<a
  href="/p/vin-rouge-sud-ouest-bergerac-merlot-cabernet-sauvignon-cabernet-franc-la-cave-d-augustin-florent-3245415191722?t=27074"
  title="Vin Rouge Sud Ouest Bergerac Merlot - Cabernet Sauvignon - Cabernet Franc LA CAVE D&#039;AUGUSTIN FLORENT"
  rel=""
  target=""
  class="product-card-title product-card-title__reduced-line-clamp"
>
  

      

<h2 class="ds-title ds-title--s ds-title--medium">
  Vin Rouge Sud Ouest Bergerac Merlot - Cabernet Sauvignon - Cabernet Franc LA CAVE D&#039;AUGUSTIN FLORENT
</h2>
</a>
      
                

    

<div class="ds-body-text ds-body-text--size-s ds-body-text--color-standard-3 product-card-packaging">
      la fontaine de 5L
  </div>
      
                

    

<div class="ds-body-text ds-body-text--size-s ds-body-text--color-standard-3 product-card-per-unit-label">
      2.70 € / Litre
  </div>
      
      </div>
      <div class="ds-product-card--vertical-image">
                
<a
  href="/p/vin-rouge-sud-ouest-bergerac-merlot-cabernet-sauvignon-cabernet-franc-la-cave-d-augustin-florent-3245415191722?t=27074"
  title="Vin Rouge Sud Ouest Bergerac Merlot - Cabernet Sauvignon - Cabernet Franc LA CAVE D&#039;AUGUSTIN FLORENT"
  rel=""
  target=""
  class="product-card-image"
>
  <img
      src="/media/280x280/Photosite/PGC/BOISSONS/3245415191722_PHOTOSITE_20200213_172209_0.jpg?placeholder=1"         alt="Vin Rouge Sud Ouest Bergerac Merlot - Cabernet Sauvignon - Cabernet Franc LA CAVE D&#039;AUGUSTIN FLORENT"
  class="image product-card-image__image"
/>
</a>
      
      </div>
    </div>
        
    
  </div>
  <div>
    <div class="ds-product-card--vertical-promotion">
      
    </div>
    <div class="ds-product-card--vertical-flex">
              
    

    


<div class="product-card-price">
  <div class="product-card-price__price">
    

    

<span class="ds-title ds-title--m product-card-price__price--final">
  13,50€
</span>

      </div>
</div>
      
      <div class="ds-product-card--vertical-cta">
                  
<form
  is="add-to-cart"
  id="data-produit-acheter"
  class="add-to-cart"
  :product="{&quot;type&quot;:&quot;product&quot;,&quot;id&quot;:&quot;product-3245415191722&quot;,&quot;attributes&quot;:{&quot;ean&quot;:&quot;3245415191722&quot;,&quot;cdbase&quot;:&quot;4348974&quot;,&quot;title&quot;:&quot;Vin Rouge Sud Ouest Bergerac Merlot - Cabernet Sauvignon - Cabernet Franc LA CAVE D&#039;AUGUSTIN FLORENT&quot;,&quot;brand&quot;:&quot;CAVE AUGUSTIN FLOREN&quot;,&quot;slug&quot;:&quot;vin-rouge-sud-ouest-bergerac-merlot-cabernet-sauvignon-cabernet-franc-la-cave-d-augustin-florent&quot;,&quot;availability&quot;:{&quot;indispensable&quot;:false,&quot;purchasable&quot;:true,&quot;stopped&quot;:false,&quot;suspended&quot;:false,&quot;suspensionReason&quot;:null,&quot;checkable&quot;:false,&quot;currentStoreOffer&quot;:null},&quot;price&quot;:{&quot;price&quot;:13.5,&quot;unitOfMeasure&quot;:&quot;Litre&quot;,&quot;perUnitLabel&quot;:&quot;2.70 \u20ac \/ Litre&quot;,&quot;taxMessage&quot;:&quot;&quot;,&quot;perUnit&quot;:2.7000000000000002},&quot;ordering&quot;:{&quot;min&quot;:1,&quot;step&quot;:1,&quot;max&quot;:36},&quot;offerServiceId&quot;:&quot;0261-150-6&quot;,&quot;uri&quot;:&quot;boissons\/cave-a-vins\/fontaines-vins&quot;,&quot;categories&quot;:[{&quot;id&quot;:&quot;27070&quot;,&quot;code&quot;:&quot;R10&quot;,&quot;slug&quot;:&quot;boissons&quot;,&quot;label&quot;:&quot;Boissons&quot;,&quot;uri&quot;:&quot;boissons&quot;,&quot;type&quot;:&quot;RAYON&quot;,&quot;level&quot;:1,&quot;sellerId&quot;:null},{&quot;id&quot;:&quot;27074&quot;,&quot;code&quot;:&quot;R10F02&quot;,&quot;slug&quot;:&quot;cave-a-vins&quot;,&quot;label&quot;:&quot;Cave \u00e0 vins&quot;,&quot;uri&quot;:&quot;boissons\/cave-a-vins&quot;,&quot;type&quot;:&quot;RAYON&quot;,&quot;level&quot;:2,&quot;sellerId&quot;:null},{&quot;id&quot;:&quot;27140&quot;,&quot;code&quot;:&quot;R10F02SF05&quot;,&quot;slug&quot;:&quot;fontaines-vins&quot;,&quot;label&quot;:&quot;Fontaines \u00e0 vins&quot;,&quot;uri&quot;:&quot;boissons\/cave-a-vins\/fontaines-vins&quot;,&quot;type&quot;:&quot;RAYON&quot;,&quot;level&quot;:3,&quot;sellerId&quot;:null}],&quot;topCategoryName&quot;:&quot;Boissons&quot;,&quot;images&quot;:[{&quot;largest&quot;:&quot;\/media\/1500x1500\/Photosite\/PGC\/BOISSONS\/3245415191722_PHOTOSITE_20200213_172209_0.jpg?placeholder=1&quot;,&quot;1500x1500&quot;:&quot;\/media\/1500x1500\/Photosite\/PGC\/BOISSONS\/3245415191722_PHOTOSITE_20200213_172209_0.jpg?placeholder=1&quot;,&quot;540x540&quot;:&quot;\/media\/540x540\/Photosite\/PGC\/BOISSONS\/3245415191722_PHOTOSITE_20200213_172209_0.jpg?placeholder=1&quot;,&quot;380x380&quot;:&quot;\/media\/380x380\/Photosite\/PGC\/BOISSONS\/3245415191722_PHOTOSITE_20200213_172209_0.jpg?placeholder=1&quot;,&quot;340x340&quot;:&quot;\/media\/340x340\/Photosite\/PGC\/BOISSONS\/3245415191722_PHOTOSITE_20200213_172209_0.jpg?placeholder=1&quot;,&quot;340x240&quot;:&quot;\/media\/340x240\/Photosite\/PGC\/BOISSONS\/3245415191722_PHOTOSITE_20200213_172209_0.jpg?placeholder=1&quot;,&quot;280x280&quot;:&quot;\/media\/280x280\/Photosite\/PGC\/BOISSONS\/3245415191722_PHOTOSITE_20200213_172209_0.jpg?placeholder=1&quot;,&quot;195x195&quot;:&quot;\/media\/195x195\/Photosite\/PGC\/BOISSONS\/3245415191722_PHOTOSITE_20200213_172209_0.jpg?placeholder=1&quot;,&quot;150x150&quot;:&quot;\/media\/150x150\/Photosite\/PGC\/BOISSONS\/3245415191722_PHOTOSITE_20200213_172209_0.jpg?placeholder=1&quot;,&quot;43x43&quot;:&quot;\/media\/43x43\/Photosite\/PGC\/BOISSONS\/3245415191722_PHOTOSITE_20200213_172209_0.jpg?placeholder=1&quot;}],&quot;promotion&quot;:null,&quot;isDonation&quot;:false,&quot;highlightLabel&quot;:null,&quot;seller&quot;:null,&quot;sellerId&quot;:null,&quot;marketplace&quot;:null,&quot;freshness&quot;:null,&quot;traceability&quot;:null,&quot;flags&quot;:[],&quot;clubs&quot;:[],&quot;packaging&quot;:&quot;la fontaine de 5L&quot;,&quot;origin&quot;:&quot;&quot;,&quot;format&quot;:&quot;5L&quot;},&quot;relationships&quot;:{&quot;substitution&quot;:null},&quot;meta&quot;:{&quot;recommendation&quot;:null,&quot;cta&quot;:&quot;buy&quot;,&quot;features&quot;:{&quot;shoppingList&quot;:true,&quot;deletable&quot;:false,&quot;swap&quot;:false,&quot;feedback&quot;:false,&quot;freshness&quot;:true}},&quot;links&quot;:{&quot;self&quot;:&quot;\/p\/vin-rouge-sud-ouest-bergerac-merlot-cabernet-sauvignon-cabernet-franc-la-cave-d-augustin-florent-3245415191722?t=27074&quot;}}"
  is-click-and-collect=""
  offer-service-id="0261-150-6"
  basket-service-id=""
  :render-context="{&quot;zone&quot;:&quot;product-list&quot;,&quot;clickAndCollectEnable&quot;:true}" >
  

<button
  class="pl-button pl-button--primary"
        
>
      <span class="pl-button__label">
                    </span>
  </button>
</form>

      
      </div>
    </div>
      </div>
</article>
</div>

                    </li>
            
                <li class="product-grid-item " >
    
                        


<div
  is="ds-product-card"
  class="ds-product-card__twigwrap"
  :index="2"
  :product="{&quot;type&quot;:&quot;product&quot;,&quot;id&quot;:&quot;product-3270190129363&quot;,&quot;attributes&quot;:{&quot;ean&quot;:&quot;3270190129363&quot;,&quot;cdbase&quot;:&quot;1183482&quot;,&quot;title&quot;:&quot;Vin Rouge Vall\u00e9e du Rh\u00f4ne C\u00f4tes du Rh\u00f4ne Grenache - Syrah LA CAVE D&#039;AUGUSTIN FLORENT&quot;,&quot;brand&quot;:&quot;CAVE AUGUSTIN FLOREN&quot;,&quot;slug&quot;:&quot;vin-rouge-vallee-du-rhone-cotes-du-rhone-grenache-syrah-la-cave-d-augustin-florent&quot;,&quot;availability&quot;:{&quot;indispensable&quot;:false,&quot;purchasable&quot;:true,&quot;stopped&quot;:false,&quot;suspended&quot;:false,&quot;suspensionReason&quot;:null,&quot;checkable&quot;:false,&quot;currentStoreOffer&quot;:null},&quot;price&quot;:{&quot;price&quot;:10.699999999999999,&quot;unitOfMeasure&quot;:&quot;Litre&quot;,&quot;perUnitLabel&quot;:&quot;3.57 \u20ac \/ Litre&quot;,&quot;taxMessage&quot;:&quot;&quot;,&quot;perUnit&quot;:3.5699999999999998},&quot;ordering&quot;:{&quot;min&quot;:1,&quot;step&quot;:1,&quot;max&quot;:36},&quot;offerServiceId&quot;:&quot;0261-150-6&quot;,&quot;uri&quot;:&quot;boissons\/cave-a-vins\/fontaines-vins&quot;,&quot;categories&quot;:[{&quot;id&quot;:&quot;27070&quot;,&quot;code&quot;:&quot;R10&quot;,&quot;slug&quot;:&quot;boissons&quot;,&quot;label&quot;:&quot;Boissons&quot;,&quot;uri&quot;:&quot;boissons&quot;,&quot;type&quot;:&quot;RAYON&quot;,&quot;level&quot;:1,&quot;sellerId&quot;:null},{&quot;id&quot;:&quot;27074&quot;,&quot;code&quot;:&quot;R10F02&quot;,&quot;slug&quot;:&quot;cave-a-vins&quot;,&quot;label&quot;:&quot;Cave \u00e0 vins&quot;,&quot;uri&quot;:&quot;boissons\/cave-a-vins&quot;,&quot;type&quot;:&quot;RAYON&quot;,&quot;level&quot;:2,&quot;sellerId&quot;:null},{&quot;id&quot;:&quot;27140&quot;,&quot;code&quot;:&quot;R10F02SF05&quot;,&quot;slug&quot;:&quot;fontaines-vins&quot;,&quot;label&quot;:&quot;Fontaines \u00e0 vins&quot;,&quot;uri&quot;:&quot;boissons\/cave-a-vins\/fontaines-vins&quot;,&quot;type&quot;:&quot;RAYON&quot;,&quot;level&quot;:3,&quot;sellerId&quot;:null}],&quot;topCategoryName&quot;:&quot;Boissons&quot;,&quot;images&quot;:[{&quot;largest&quot;:&quot;\/media\/1500x1500\/Photosite\/PGC\/BOISSONS\/3270190129363_PHOTOSITE_20200213_171117_0.jpg?placeholder=1&quot;,&quot;1500x1500&quot;:&quot;\/media\/1500x1500\/Photosite\/PGC\/BOISSONS\/3270190129363_PHOTOSITE_20200213_171117_0.jpg?placeholder=1&quot;,&quot;540x540&quot;:&quot;\/media\/540x540\/Photosite\/PGC\/BOISSONS\/3270190129363_PHOTOSITE_20200213_171117_0.jpg?placeholder=1&quot;,&quot;380x380&quot;:&quot;\/media\/380x380\/Photosite\/PGC\/BOISSONS\/3270190129363_PHOTOSITE_20200213_171117_0.jpg?placeholder=1&quot;,&quot;340x340&quot;:&quot;\/media\/340x340\/Photosite\/PGC\/BOISSONS\/3270190129363_PHOTOSITE_20200213_171117_0.jpg?placeholder=1&quot;,&quot;340x240&quot;:&quot;\/media\/340x240\/Photosite\/PGC\/BOISSONS\/3270190129363_PHOTOSITE_20200213_171117_0.jpg?placeholder=1&quot;,&quot;280x280&quot;:&quot;\/media\/280x280\/Photosite\/PGC\/BOISSONS\/3270190129363_PHOTOSITE_20200213_171117_0.jpg?placeholder=1&quot;,&quot;195x195&quot;:&quot;\/media\/195x195\/Photosite\/PGC\/BOISSONS\/3270190129363_PHOTOSITE_20200213_171117_0.jpg?placeholder=1&quot;,&quot;150x150&quot;:&quot;\/media\/150x150\/Photosite\/PGC\/BOISSONS\/3270190129363_PHOTOSITE_20200213_171117_0.jpg?placeholder=1&quot;,&quot;43x43&quot;:&quot;\/media\/43x43\/Photosite\/PGC\/BOISSONS\/3270190129363_PHOTOSITE_20200213_171117_0.jpg?placeholder=1&quot;}],&quot;promotion&quot;:null,&quot;isDonation&quot;:false,&quot;highlightLabel&quot;:null,&quot;seller&quot;:null,&quot;sellerId&quot;:null,&quot;marketplace&quot;:null,&quot;freshness&quot;:null,&quot;traceability&quot;:null,&quot;flags&quot;:[],&quot;clubs&quot;:[],&quot;packaging&quot;:&quot;la fontaine de 3L&quot;,&quot;origin&quot;:&quot;&quot;,&quot;format&quot;:&quot;3L&quot;},&quot;relationships&quot;:{&quot;substitution&quot;:null},&quot;meta&quot;:{&quot;recommendation&quot;:null,&quot;cta&quot;:&quot;buy&quot;,&quot;features&quot;:{&quot;shoppingList&quot;:true,&quot;deletable&quot;:false,&quot;swap&quot;:false,&quot;feedback&quot;:false,&quot;freshness&quot;:true}},&quot;links&quot;:{&quot;self&quot;:&quot;\/p\/vin-rouge-vallee-du-rhone-cotes-du-rhone-grenache-syrah-la-cave-d-augustin-florent-3270190129363?t=27074&quot;}}"
  layout="vertical"
  :render-context="{&quot;zone&quot;:&quot;product-list&quot;,&quot;clickAndCollectEnable&quot;:true}"
  >
  <article class="ds-product-card ds-product-card--vertical">
  <div>
              <div class="ds-product-card--vertical-icons">
                <div
  class="add-to-shoppinglist"
  ean="3270190129363"
  is="add-to-shoppinglist"
></div>
      
        
      </div>
        <div class="ds-product-card--vertical-highlightlabel">
      
    </div>
    <div class="ds-product-card--vertical-infos">
      <div class="ds-product-card--vertical-text">
                
<a
  href="/p/vin-rouge-vallee-du-rhone-cotes-du-rhone-grenache-syrah-la-cave-d-augustin-florent-3270190129363?t=27074"
  title="Vin Rouge Vallée du Rhône Côtes du Rhône Grenache - Syrah LA CAVE D&#039;AUGUSTIN FLORENT"
  rel=""
  target=""
  class="product-card-title product-card-title__reduced-line-clamp"
>
  

      

<h2 class="ds-title ds-title--s ds-title--medium">
  Vin Rouge Vallée du Rhône Côtes du Rhône Grenache - Syrah LA CAVE D&#039;AUGUSTIN FLORENT
</h2>
</a>
      
                

    

<div class="ds-body-text ds-body-text--size-s ds-body-text--color-standard-3 product-card-packaging">
      la fontaine de 3L
  </div>
      
                

    

<div class="ds-body-text ds-body-text--size-s ds-body-text--color-standard-3 product-card-per-unit-label">
      3.57 € / Litre
  </div>
      
      </div>
      <div class="ds-product-card--vertical-image">
                
<a
  href="/p/vin-rouge-vallee-du-rhone-cotes-du-rhone-grenache-syrah-la-cave-d-augustin-florent-3270190129363?t=27074"
  title="Vin Rouge Vallée du Rhône Côtes du Rhône Grenache - Syrah LA CAVE D&#039;AUGUSTIN FLORENT"
  rel=""
  target=""
  class="product-card-image"
>
  <img
      src="/media/280x280/Photosite/PGC/BOISSONS/3270190129363_PHOTOSITE_20200213_171117_0.jpg?placeholder=1"         alt="Vin Rouge Vallée du Rhône Côtes du Rhône Grenache - Syrah LA CAVE D&#039;AUGUSTIN FLORENT"
  class="image product-card-image__image"
/>
</a>
      
      </div>
    </div>
        
    
  </div>
  <div>
    <div class="ds-product-card--vertical-promotion">
      
    </div>
    <div class="ds-product-card--vertical-flex">
              
    

    


<div class="product-card-price">
  <div class="product-card-price__price">
    

    

<span class="ds-title ds-title--m product-card-price__price--final">
  10,70€
</span>

      </div>
</div>
      
      <div class="ds-product-card--vertical-cta">
                  
<form
  is="add-to-cart"
  id="data-produit-acheter"
  class="add-to-cart"
  :product="{&quot;type&quot;:&quot;product&quot;,&quot;id&quot;:&quot;product-3270190129363&quot;,&quot;attributes&quot;:{&quot;ean&quot;:&quot;3270190129363&quot;,&quot;cdbase&quot;:&quot;1183482&quot;,&quot;title&quot;:&quot;Vin Rouge Vall\u00e9e du Rh\u00f4ne C\u00f4tes du Rh\u00f4ne Grenache - Syrah LA CAVE D&#039;AUGUSTIN FLORENT&quot;,&quot;brand&quot;:&quot;CAVE AUGUSTIN FLOREN&quot;,&quot;slug&quot;:&quot;vin-rouge-vallee-du-rhone-cotes-du-rhone-grenache-syrah-la-cave-d-augustin-florent&quot;,&quot;availability&quot;:{&quot;indispensable&quot;:false,&quot;purchasable&quot;:true,&quot;stopped&quot;:false,&quot;suspended&quot;:false,&quot;suspensionReason&quot;:null,&quot;checkable&quot;:false,&quot;currentStoreOffer&quot;:null},&quot;price&quot;:{&quot;price&quot;:10.699999999999999,&quot;unitOfMeasure&quot;:&quot;Litre&quot;,&quot;perUnitLabel&quot;:&quot;3.57 \u20ac \/ Litre&quot;,&quot;taxMessage&quot;:&quot;&quot;,&quot;perUnit&quot;:3.5699999999999998},&quot;ordering&quot;:{&quot;min&quot;:1,&quot;step&quot;:1,&quot;max&quot;:36},&quot;offerServiceId&quot;:&quot;0261-150-6&quot;,&quot;uri&quot;:&quot;boissons\/cave-a-vins\/fontaines-vins&quot;,&quot;categories&quot;:[{&quot;id&quot;:&quot;27070&quot;,&quot;code&quot;:&quot;R10&quot;,&quot;slug&quot;:&quot;boissons&quot;,&quot;label&quot;:&quot;Boissons&quot;,&quot;uri&quot;:&quot;boissons&quot;,&quot;type&quot;:&quot;RAYON&quot;,&quot;level&quot;:1,&quot;sellerId&quot;:null},{&quot;id&quot;:&quot;27074&quot;,&quot;code&quot;:&quot;R10F02&quot;,&quot;slug&quot;:&quot;cave-a-vins&quot;,&quot;label&quot;:&quot;Cave \u00e0 vins&quot;,&quot;uri&quot;:&quot;boissons\/cave-a-vins&quot;,&quot;type&quot;:&quot;RAYON&quot;,&quot;level&quot;:2,&quot;sellerId&quot;:null},{&quot;id&quot;:&quot;27140&quot;,&quot;code&quot;:&quot;R10F02SF05&quot;,&quot;slug&quot;:&quot;fontaines-vins&quot;,&quot;label&quot;:&quot;Fontaines \u00e0 vins&quot;,&quot;uri&quot;:&quot;boissons\/cave-a-vins\/fontaines-vins&quot;,&quot;type&quot;:&quot;RAYON&quot;,&quot;level&quot;:3,&quot;sellerId&quot;:null}],&quot;topCategoryName&quot;:&quot;Boissons&quot;,&quot;images&quot;:[{&quot;largest&quot;:&quot;\/media\/1500x1500\/Photosite\/PGC\/BOISSONS\/3270190129363_PHOTOSITE_20200213_171117_0.jpg?placeholder=1&quot;,&quot;1500x1500&quot;:&quot;\/media\/1500x1500\/Photosite\/PGC\/BOISSONS\/3270190129363_PHOTOSITE_20200213_171117_0.jpg?placeholder=1&quot;,&quot;540x540&quot;:&quot;\/media\/540x540\/Photosite\/PGC\/BOISSONS\/3270190129363_PHOTOSITE_20200213_171117_0.jpg?placeholder=1&quot;,&quot;380x380&quot;:&quot;\/media\/380x380\/Photosite\/PGC\/BOISSONS\/3270190129363_PHOTOSITE_20200213_171117_0.jpg?placeholder=1&quot;,&quot;340x340&quot;:&quot;\/media\/340x340\/Photosite\/PGC\/BOISSONS\/3270190129363_PHOTOSITE_20200213_171117_0.jpg?placeholder=1&quot;,&quot;340x240&quot;:&quot;\/media\/340x240\/Photosite\/PGC\/BOISSONS\/3270190129363_PHOTOSITE_20200213_171117_0.jpg?placeholder=1&quot;,&quot;280x280&quot;:&quot;\/media\/280x280\/Photosite\/PGC\/BOISSONS\/3270190129363_PHOTOSITE_20200213_171117_0.jpg?placeholder=1&quot;,&quot;195x195&quot;:&quot;\/media\/195x195\/Photosite\/PGC\/BOISSONS\/3270190129363_PHOTOSITE_20200213_171117_0.jpg?placeholder=1&quot;,&quot;150x150&quot;:&quot;\/media\/150x150\/Photosite\/PGC\/BOISSONS\/3270190129363_PHOTOSITE_20200213_171117_0.jpg?placeholder=1&quot;,&quot;43x43&quot;:&quot;\/media\/43x43\/Photosite\/PGC\/BOISSONS\/3270190129363_PHOTOSITE_20200213_171117_0.jpg?placeholder=1&quot;}],&quot;promotion&quot;:null,&quot;isDonation&quot;:false,&quot;highlightLabel&quot;:null,&quot;seller&quot;:null,&quot;sellerId&quot;:null,&quot;marketplace&quot;:null,&quot;freshness&quot;:null,&quot;traceability&quot;:null,&quot;flags&quot;:[],&quot;clubs&quot;:[],&quot;packaging&quot;:&quot;la fontaine de 3L&quot;,&quot;origin&quot;:&quot;&quot;,&quot;format&quot;:&quot;3L&quot;},&quot;relationships&quot;:{&quot;substitution&quot;:null},&quot;meta&quot;:{&quot;recommendation&quot;:null,&quot;cta&quot;:&quot;buy&quot;,&quot;features&quot;:{&quot;shoppingList&quot;:true,&quot;deletable&quot;:false,&quot;swap&quot;:false,&quot;feedback&quot;:false,&quot;freshness&quot;:true}},&quot;links&quot;:{&quot;self&quot;:&quot;\/p\/vin-rouge-vallee-du-rhone-cotes-du-rhone-grenache-syrah-la-cave-d-augustin-florent-3270190129363?t=27074&quot;}}"
  is-click-and-collect=""
  offer-service-id="0261-150-6"
  basket-service-id=""
  :render-context="{&quot;zone&quot;:&quot;product-list&quot;,&quot;clickAndCollectEnable&quot;:true}" >
  

<button
  class="pl-button pl-button--primary"
        
>
      <span class="pl-button__label">
                    </span>
  </button>
</form>

      
      </div>
    </div>
      </div>
</article>
</div>

                    </li>
            
                <li class="product-grid-item " >
    
                        


<div
  is="ds-product-card"
  class="ds-product-card__twigwrap"
  :index="3"
  :product="{&quot;type&quot;:&quot;product&quot;,&quot;id&quot;:&quot;product-7804320087016&quot;,&quot;attributes&quot;:{&quot;ean&quot;:&quot;7804320087016&quot;,&quot;cdbase&quot;:&quot;3319174&quot;,&quot;title&quot;:&quot;Vin Rouge Vins \u00e9trangers Chili Carmenere CONCHA Y TORO CASILLERO DEL DIABLO CARMENERE&quot;,&quot;brand&quot;:&quot;REFS.SANS MARQUE&quot;,&quot;slug&quot;:&quot;vin-rouge-vins-etrangers-chili-carmenere-concha-y-toro-casillero-del-diablo-carmenere&quot;,&quot;availability&quot;:{&quot;indispensable&quot;:false,&quot;purchasable&quot;:true,&quot;stopped&quot;:false,&quot;suspended&quot;:false,&quot;suspensionReason&quot;:null,&quot;checkable&quot;:false,&quot;currentStoreOffer&quot;:null},&quot;price&quot;:{&quot;price&quot;:7.6500000000000004,&quot;unitOfMeasure&quot;:&quot;Litre&quot;,&quot;perUnitLabel&quot;:&quot;10.20 \u20ac \/ Litre&quot;,&quot;taxMessage&quot;:&quot;&quot;,&quot;perUnit&quot;:10.199999999999999},&quot;ordering&quot;:{&quot;min&quot;:1,&quot;step&quot;:1,&quot;max&quot;:36},&quot;offerServiceId&quot;:&quot;0261-150-6&quot;,&quot;uri&quot;:&quot;boissons\/cave-a-vins\/vins-etrangers&quot;,&quot;categories&quot;:[{&quot;id&quot;:&quot;27070&quot;,&quot;code&quot;:&quot;R10&quot;,&quot;slug&quot;:&quot;boissons&quot;,&quot;label&quot;:&quot;Boissons&quot;,&quot;uri&quot;:&quot;boissons&quot;,&quot;type&quot;:&quot;RAYON&quot;,&quot;level&quot;:1,&quot;sellerId&quot;:null},{&quot;id&quot;:&quot;27074&quot;,&quot;code&quot;:&quot;R10F02&quot;,&quot;slug&quot;:&quot;cave-a-vins&quot;,&quot;label&quot;:&quot;Cave \u00e0 vins&quot;,&quot;uri&quot;:&quot;boissons\/cave-a-vins&quot;,&quot;type&quot;:&quot;RAYON&quot;,&quot;level&quot;:2,&quot;sellerId&quot;:null},{&quot;id&quot;:&quot;27139&quot;,&quot;code&quot;:&quot;R10F02SF04&quot;,&quot;slug&quot;:&quot;vins-etrangers&quot;,&quot;label&quot;:&quot;Vins \u00e9trangers&quot;,&quot;uri&quot;:&quot;boissons\/cave-a-vins\/vins-etrangers&quot;,&quot;type&quot;:&quot;RAYON&quot;,&quot;level&quot;:3,&quot;sellerId&quot;:null}],&quot;topCategoryName&quot;:&quot;Boissons&quot;,&quot;images&quot;:[{&quot;largest&quot;:&quot;\/media\/1500x1500\/Photosite\/PGC\/BOISSONS\/7804320087016_PHOTOSITE_20200804_075415_0.jpg?placeholder=1&quot;,&quot;1500x1500&quot;:&quot;\/media\/1500x1500\/Photosite\/PGC\/BOISSONS\/7804320087016_PHOTOSITE_20200804_075415_0.jpg?placeholder=1&quot;,&quot;540x540&quot;:&quot;\/media\/540x540\/Photosite\/PGC\/BOISSONS\/7804320087016_PHOTOSITE_20200804_075415_0.jpg?placeholder=1&quot;,&quot;380x380&quot;:&quot;\/media\/380x380\/Photosite\/PGC\/BOISSONS\/7804320087016_PHOTOSITE_20200804_075415_0.jpg?placeholder=1&quot;,&quot;340x340&quot;:&quot;\/media\/340x340\/Photosite\/PGC\/BOISSONS\/7804320087016_PHOTOSITE_20200804_075415_0.jpg?placeholder=1&quot;,&quot;340x240&quot;:&quot;\/media\/340x240\/Photosite\/PGC\/BOISSONS\/7804320087016_PHOTOSITE_20200804_075415_0.jpg?placeholder=1&quot;,&quot;280x280&quot;:&quot;\/media\/280x280\/Photosite\/PGC\/BOISSONS\/7804320087016_PHOTOSITE_20200804_075415_0.jpg?placeholder=1&quot;,&quot;195x195&quot;:&quot;\/media\/195x195\/Photosite\/PGC\/BOISSONS\/7804320087016_PHOTOSITE_20200804_075415_0.jpg?placeholder=1&quot;,&quot;150x150&quot;:&quot;\/media\/150x150\/Photosite\/PGC\/BOISSONS\/7804320087016_PHOTOSITE_20200804_075415_0.jpg?placeholder=1&quot;,&quot;43x43&quot;:&quot;\/media\/43x43\/Photosite\/PGC\/BOISSONS\/7804320087016_PHOTOSITE_20200804_075415_0.jpg?placeholder=1&quot;}],&quot;promotion&quot;:null,&quot;isDonation&quot;:false,&quot;highlightLabel&quot;:null,&quot;seller&quot;:null,&quot;sellerId&quot;:null,&quot;marketplace&quot;:null,&quot;freshness&quot;:null,&quot;traceability&quot;:null,&quot;flags&quot;:[&quot;flag.common.glutenfree&quot;],&quot;clubs&quot;:[],&quot;packaging&quot;:&quot;la bouteille de 75cL&quot;,&quot;origin&quot;:&quot;&quot;,&quot;format&quot;:&quot;75cL&quot;},&quot;relationships&quot;:{&quot;substitution&quot;:null},&quot;meta&quot;:{&quot;recommendation&quot;:null,&quot;cta&quot;:&quot;buy&quot;,&quot;features&quot;:{&quot;shoppingList&quot;:true,&quot;deletable&quot;:false,&quot;swap&quot;:false,&quot;feedback&quot;:false,&quot;freshness&quot;:true}},&quot;links&quot;:{&quot;self&quot;:&quot;\/p\/vin-rouge-vins-etrangers-chili-carmenere-concha-y-toro-casillero-del-diablo-carmenere-7804320087016?t=27074&quot;}}"
  layout="vertical"
  :render-context="{&quot;zone&quot;:&quot;product-list&quot;,&quot;clickAndCollectEnable&quot;:true}"
  >
  <article class="ds-product-card ds-product-card--vertical">
  <div>
              <div class="ds-product-card--vertical-icons">
                <div
  class="add-to-shoppinglist"
  ean="7804320087016"
  is="add-to-shoppinglist"
></div>
      
        
      </div>
        <div class="ds-product-card--vertical-highlightlabel">
      
    </div>
    <div class="ds-product-card--vertical-infos">
      <div class="ds-product-card--vertical-text">
                
<a
  href="/p/vin-rouge-vins-etrangers-chili-carmenere-concha-y-toro-casillero-del-diablo-carmenere-7804320087016?t=27074"
  title="Vin Rouge Vins étrangers Chili Carmenere CONCHA Y TORO CASILLERO DEL DIABLO CARMENERE"
  rel=""
  target=""
  class="product-card-title product-card-title__reduced-line-clamp"
>
  

      

<h2 class="ds-title ds-title--s ds-title--medium">
  Vin Rouge Vins étrangers Chili Carmenere CONCHA Y TORO CASILLERO DEL DIABLO CARMENERE
</h2>
</a>
      
                

    

<div class="ds-body-text ds-body-text--size-s ds-body-text--color-standard-3 product-card-packaging">
      la bouteille de 75cL
  </div>
      
                

    

<div class="ds-body-text ds-body-text--size-s ds-body-text--color-standard-3 product-card-per-unit-label">
      10.20 € / Litre
  </div>
      
      </div>
      <div class="ds-product-card--vertical-image">
                
<a
  href="/p/vin-rouge-vins-etrangers-chili-carmenere-concha-y-toro-casillero-del-diablo-carmenere-7804320087016?t=27074"
  title="Vin Rouge Vins étrangers Chili Carmenere CONCHA Y TORO CASILLERO DEL DIABLO CARMENERE"
  rel=""
  target=""
  class="product-card-image"
>
  <img
      src="/media/280x280/Photosite/PGC/BOISSONS/7804320087016_PHOTOSITE_20200804_075415_0.jpg?placeholder=1"         alt="Vin Rouge Vins étrangers Chili Carmenere CONCHA Y TORO CASILLERO DEL DIABLO CARMENERE"
  class="image product-card-image__image"
/>
</a>
      
      </div>
    </div>
          <div class="ds-product-card--vertical-badges">
                

  <ul class="product-badges-list" is="product-badges-list" :flags="[&quot;flag.common.glutenfree&quot;]" :modifiers="[&quot;size-m&quot;]">
                            <li class="product-badges-list__item">
            

<a class="product-badge__link product-badge--flag-common-glutenfr product-badge--size-m" href="#flag.common.glutenfree" data-flag-id="flag.common.glutenfree">
  <picture class="product-badge__icon">
    <img
      src="/images/badges/flag-common-glutenfree.svg"         alt="Sans gluten"
  class="image product-badge__icon__img"
/>
  </picture>
  <span class="product-badge__title">Sans gluten</span>
</a>
          </li>
                    </ul>
      
      </div>
        
    
  </div>
  <div>
    <div class="ds-product-card--vertical-promotion">
      
    </div>
    <div class="ds-product-card--vertical-flex">
              
    

    


<div class="product-card-price">
  <div class="product-card-price__price">
    

    

<span class="ds-title ds-title--m product-card-price__price--final">
  7,65€
</span>

      </div>
</div>
      
      <div class="ds-product-card--vertical-cta">
                  
<form
  is="add-to-cart"
  id="data-produit-acheter"
  class="add-to-cart"
  :product="{&quot;type&quot;:&quot;product&quot;,&quot;id&quot;:&quot;product-7804320087016&quot;,&quot;attributes&quot;:{&quot;ean&quot;:&quot;7804320087016&quot;,&quot;cdbase&quot;:&quot;3319174&quot;,&quot;title&quot;:&quot;Vin Rouge Vins \u00e9trangers Chili Carmenere CONCHA Y TORO CASILLERO DEL DIABLO CARMENERE&quot;,&quot;brand&quot;:&quot;REFS.SANS MARQUE&quot;,&quot;slug&quot;:&quot;vin-rouge-vins-etrangers-chili-carmenere-concha-y-toro-casillero-del-diablo-carmenere&quot;,&quot;availability&quot;:{&quot;indispensable&quot;:false,&quot;purchasable&quot;:true,&quot;stopped&quot;:false,&quot;suspended&quot;:false,&quot;suspensionReason&quot;:null,&quot;checkable&quot;:false,&quot;currentStoreOffer&quot;:null},&quot;price&quot;:{&quot;price&quot;:7.6500000000000004,&quot;unitOfMeasure&quot;:&quot;Litre&quot;,&quot;perUnitLabel&quot;:&quot;10.20 \u20ac \/ Litre&quot;,&quot;taxMessage&quot;:&quot;&quot;,&quot;perUnit&quot;:10.199999999999999},&quot;ordering&quot;:{&quot;min&quot;:1,&quot;step&quot;:1,&quot;max&quot;:36},&quot;offerServiceId&quot;:&quot;0261-150-6&quot;,&quot;uri&quot;:&quot;boissons\/cave-a-vins\/vins-etrangers&quot;,&quot;categories&quot;:[{&quot;id&quot;:&quot;27070&quot;,&quot;code&quot;:&quot;R10&quot;,&quot;slug&quot;:&quot;boissons&quot;,&quot;label&quot;:&quot;Boissons&quot;,&quot;uri&quot;:&quot;boissons&quot;,&quot;type&quot;:&quot;RAYON&quot;,&quot;level&quot;:1,&quot;sellerId&quot;:null},{&quot;id&quot;:&quot;27074&quot;,&quot;code&quot;:&quot;R10F02&quot;,&quot;slug&quot;:&quot;cave-a-vins&quot;,&quot;label&quot;:&quot;Cave \u00e0 vins&quot;,&quot;uri&quot;:&quot;boissons\/cave-a-vins&quot;,&quot;type&quot;:&quot;RAYON&quot;,&quot;level&quot;:2,&quot;sellerId&quot;:null},{&quot;id&quot;:&quot;27139&quot;,&quot;code&quot;:&quot;R10F02SF04&quot;,&quot;slug&quot;:&quot;vins-etrangers&quot;,&quot;label&quot;:&quot;Vins \u00e9trangers&quot;,&quot;uri&quot;:&quot;boissons\/cave-a-vins\/vins-etrangers&quot;,&quot;type&quot;:&quot;RAYON&quot;,&quot;level&quot;:3,&quot;sellerId&quot;:null}],&quot;topCategoryName&quot;:&quot;Boissons&quot;,&quot;images&quot;:[{&quot;largest&quot;:&quot;\/media\/1500x1500\/Photosite\/PGC\/BOISSONS\/7804320087016_PHOTOSITE_20200804_075415_0.jpg?placeholder=1&quot;,&quot;1500x1500&quot;:&quot;\/media\/1500x1500\/Photosite\/PGC\/BOISSONS\/7804320087016_PHOTOSITE_20200804_075415_0.jpg?placeholder=1&quot;,&quot;540x540&quot;:&quot;\/media\/540x540\/Photosite\/PGC\/BOISSONS\/7804320087016_PHOTOSITE_20200804_075415_0.jpg?placeholder=1&quot;,&quot;380x380&quot;:&quot;\/media\/380x380\/Photosite\/PGC\/BOISSONS\/7804320087016_PHOTOSITE_20200804_075415_0.jpg?placeholder=1&quot;,&quot;340x340&quot;:&quot;\/media\/340x340\/Photosite\/PGC\/BOISSONS\/7804320087016_PHOTOSITE_20200804_075415_0.jpg?placeholder=1&quot;,&quot;340x240&quot;:&quot;\/media\/340x240\/Photosite\/PGC\/BOISSONS\/7804320087016_PHOTOSITE_20200804_075415_0.jpg?placeholder=1&quot;,&quot;280x280&quot;:&quot;\/media\/280x280\/Photosite\/PGC\/BOISSONS\/7804320087016_PHOTOSITE_20200804_075415_0.jpg?placeholder=1&quot;,&quot;195x195&quot;:&quot;\/media\/195x195\/Photosite\/PGC\/BOISSONS\/7804320087016_PHOTOSITE_20200804_075415_0.jpg?placeholder=1&quot;,&quot;150x150&quot;:&quot;\/media\/150x150\/Photosite\/PGC\/BOISSONS\/7804320087016_PHOTOSITE_20200804_075415_0.jpg?placeholder=1&quot;,&quot;43x43&quot;:&quot;\/media\/43x43\/Photosite\/PGC\/BOISSONS\/7804320087016_PHOTOSITE_20200804_075415_0.jpg?placeholder=1&quot;}],&quot;promotion&quot;:null,&quot;isDonation&quot;:false,&quot;highlightLabel&quot;:null,&quot;seller&quot;:null,&quot;sellerId&quot;:null,&quot;marketplace&quot;:null,&quot;freshness&quot;:null,&quot;traceability&quot;:null,&quot;flags&quot;:[&quot;flag.common.glutenfree&quot;],&quot;clubs&quot;:[],&quot;packaging&quot;:&quot;la bouteille de 75cL&quot;,&quot;origin&quot;:&quot;&quot;,&quot;format&quot;:&quot;75cL&quot;},&quot;relationships&quot;:{&quot;substitution&quot;:null},&quot;meta&quot;:{&quot;recommendation&quot;:null,&quot;cta&quot;:&quot;buy&quot;,&quot;features&quot;:{&quot;shoppingList&quot;:true,&quot;deletable&quot;:false,&quot;swap&quot;:false,&quot;feedback&quot;:false,&quot;freshness&quot;:true}},&quot;links&quot;:{&quot;self&quot;:&quot;\/p\/vin-rouge-vins-etrangers-chili-carmenere-concha-y-toro-casillero-del-diablo-carmenere-7804320087016?t=27074&quot;}}"
  is-click-and-collect=""
  offer-service-id="0261-150-6"
  basket-service-id=""
  :render-context="{&quot;zone&quot;:&quot;product-list&quot;,&quot;clickAndCollectEnable&quot;:true}" >
  

<button
  class="pl-button pl-button--primary"
        
>
      <span class="pl-button__label">
                    </span>
  </button>
</form>

      
      </div>
    </div>
      </div>
</article>
</div>

                    </li>
            
                <li class="product-grid-item " >
    
                        


<div
  is="ds-product-card"
  class="ds-product-card__twigwrap"
  :index="4"
  :product="{&quot;type&quot;:&quot;product&quot;,&quot;id&quot;:&quot;product-3455180054478&quot;,&quot;attributes&quot;:{&quot;ean&quot;:&quot;3455180054478&quot;,&quot;cdbase&quot;:&quot;2239712&quot;,&quot;title&quot;:&quot;Vin ros\u00e9 Cabernet d&#039;Anjou &quot;,&quot;brand&quot;:&quot;SANS.&quot;,&quot;slug&quot;:&quot;vin-rose-cabernet-d-anjou&quot;,&quot;availability&quot;:{&quot;indispensable&quot;:false,&quot;purchasable&quot;:true,&quot;stopped&quot;:false,&quot;suspended&quot;:false,&quot;suspensionReason&quot;:null,&quot;checkable&quot;:false,&quot;currentStoreOffer&quot;:null},&quot;price&quot;:{&quot;price&quot;:3.2000000000000002,&quot;unitOfMeasure&quot;:&quot;Litre&quot;,&quot;perUnitLabel&quot;:&quot;4.27 \u20ac \/ Litre&quot;,&quot;taxMessage&quot;:&quot;&quot;,&quot;perUnit&quot;:4.2699999999999996},&quot;ordering&quot;:{&quot;min&quot;:1,&quot;step&quot;:1,&quot;max&quot;:36},&quot;offerServiceId&quot;:&quot;0261-150-6&quot;,&quot;uri&quot;:&quot;boissons\/cave-a-vins\/vins-roses\/val-de-loire&quot;,&quot;categories&quot;:[{&quot;id&quot;:&quot;27070&quot;,&quot;code&quot;:&quot;R10&quot;,&quot;slug&quot;:&quot;boissons&quot;,&quot;label&quot;:&quot;Boissons&quot;,&quot;uri&quot;:&quot;boissons&quot;,&quot;type&quot;:&quot;RAYON&quot;,&quot;level&quot;:1,&quot;sellerId&quot;:null},{&quot;id&quot;:&quot;27074&quot;,&quot;code&quot;:&quot;R10F02&quot;,&quot;slug&quot;:&quot;cave-a-vins&quot;,&quot;label&quot;:&quot;Cave \u00e0 vins&quot;,&quot;uri&quot;:&quot;boissons\/cave-a-vins&quot;,&quot;type&quot;:&quot;RAYON&quot;,&quot;level&quot;:2,&quot;sellerId&quot;:null},{&quot;id&quot;:&quot;27107&quot;,&quot;code&quot;:&quot;R10F02SF03&quot;,&quot;slug&quot;:&quot;vins-roses&quot;,&quot;label&quot;:&quot;Vins ros\u00e9s&quot;,&quot;uri&quot;:&quot;boissons\/cave-a-vins\/vins-roses&quot;,&quot;type&quot;:&quot;RAYON&quot;,&quot;level&quot;:3,&quot;sellerId&quot;:null},{&quot;id&quot;:&quot;27163&quot;,&quot;code&quot;:&quot;R10F02SF03SS04&quot;,&quot;slug&quot;:&quot;val-de-loire&quot;,&quot;label&quot;:&quot;Val de Loire&quot;,&quot;uri&quot;:&quot;boissons\/cave-a-vins\/vins-roses\/val-de-loire&quot;,&quot;type&quot;:&quot;RAYON&quot;,&quot;level&quot;:4,&quot;sellerId&quot;:null}],&quot;topCategoryName&quot;:&quot;Boissons&quot;,&quot;images&quot;:[{&quot;largest&quot;:&quot;\/media\/1500x1500\/Photosite\/PGC\/BOISSONS\/3455180054478_PHOTOSITE_20140327_214812_0.jpg?placeholder=1&quot;,&quot;1500x1500&quot;:&quot;\/media\/1500x1500\/Photosite\/PGC\/BOISSONS\/3455180054478_PHOTOSITE_20140327_214812_0.jpg?placeholder=1&quot;,&quot;540x540&quot;:&quot;\/media\/540x540\/Photosite\/PGC\/BOISSONS\/3455180054478_PHOTOSITE_20140327_214812_0.jpg?placeholder=1&quot;,&quot;380x380&quot;:&quot;\/media\/380x380\/Photosite\/PGC\/BOISSONS\/3455180054478_PHOTOSITE_20140327_214812_0.jpg?placeholder=1&quot;,&quot;340x340&quot;:&quot;\/media\/340x340\/Photosite\/PGC\/BOISSONS\/3455180054478_PHOTOSITE_20140327_214812_0.jpg?placeholder=1&quot;,&quot;340x240&quot;:&quot;\/media\/340x240\/Photosite\/PGC\/BOISSONS\/3455180054478_PHOTOSITE_20140327_214812_0.jpg?placeholder=1&quot;,&quot;280x280&quot;:&quot;\/media\/280x280\/Photosite\/PGC\/BOISSONS\/3455180054478_PHOTOSITE_20140327_214812_0.jpg?placeholder=1&quot;,&quot;195x195&quot;:&quot;\/media\/195x195\/Photosite\/PGC\/BOISSONS\/3455180054478_PHOTOSITE_20140327_214812_0.jpg?placeholder=1&quot;,&quot;150x150&quot;:&quot;\/media\/150x150\/Photosite\/PGC\/BOISSONS\/3455180054478_PHOTOSITE_20140327_214812_0.jpg?placeholder=1&quot;,&quot;43x43&quot;:&quot;\/media\/43x43\/Photosite\/PGC\/BOISSONS\/3455180054478_PHOTOSITE_20140327_214812_0.jpg?placeholder=1&quot;},{&quot;largest&quot;:&quot;\/media\/1500x1500\/Photosite\/PGC\/BOISSONS\/3455180054478_PHOTOSITE_20140327_214812_7.jpg?placeholder=1&quot;,&quot;1500x1500&quot;:&quot;\/media\/1500x1500\/Photosite\/PGC\/BOISSONS\/3455180054478_PHOTOSITE_20140327_214812_7.jpg?placeholder=1&quot;,&quot;540x540&quot;:&quot;\/media\/540x540\/Photosite\/PGC\/BOISSONS\/3455180054478_PHOTOSITE_20140327_214812_7.jpg?placeholder=1&quot;,&quot;380x380&quot;:&quot;\/media\/380x380\/Photosite\/PGC\/BOISSONS\/3455180054478_PHOTOSITE_20140327_214812_7.jpg?placeholder=1&quot;,&quot;340x340&quot;:&quot;\/media\/340x340\/Photosite\/PGC\/BOISSONS\/3455180054478_PHOTOSITE_20140327_214812_7.jpg?placeholder=1&quot;,&quot;340x240&quot;:&quot;\/media\/340x240\/Photosite\/PGC\/BOISSONS\/3455180054478_PHOTOSITE_20140327_214812_7.jpg?placeholder=1&quot;,&quot;280x280&quot;:&quot;\/media\/280x280\/Photosite\/PGC\/BOISSONS\/3455180054478_PHOTOSITE_20140327_214812_7.jpg?placeholder=1&quot;,&quot;195x195&quot;:&quot;\/media\/195x195\/Photosite\/PGC\/BOISSONS\/3455180054478_PHOTOSITE_20140327_214812_7.jpg?placeholder=1&quot;,&quot;150x150&quot;:&quot;\/media\/150x150\/Photosite\/PGC\/BOISSONS\/3455180054478_PHOTOSITE_20140327_214812_7.jpg?placeholder=1&quot;,&quot;43x43&quot;:&quot;\/media\/43x43\/Photosite\/PGC\/BOISSONS\/3455180054478_PHOTOSITE_20140327_214812_7.jpg?placeholder=1&quot;}],&quot;promotion&quot;:null,&quot;isDonation&quot;:false,&quot;highlightLabel&quot;:null,&quot;seller&quot;:null,&quot;sellerId&quot;:null,&quot;marketplace&quot;:null,&quot;freshness&quot;:null,&quot;traceability&quot;:null,&quot;flags&quot;:[],&quot;clubs&quot;:[],&quot;packaging&quot;:&quot;la bouteille de 75 cl&quot;,&quot;origin&quot;:&quot;&quot;,&quot;format&quot;:&quot;75cL&quot;},&quot;relationships&quot;:{&quot;substitution&quot;:null},&quot;meta&quot;:{&quot;recommendation&quot;:null,&quot;cta&quot;:&quot;buy&quot;,&quot;features&quot;:{&quot;shoppingList&quot;:true,&quot;deletable&quot;:false,&quot;swap&quot;:false,&quot;feedback&quot;:false,&quot;freshness&quot;:true}},&quot;links&quot;:{&quot;self&quot;:&quot;\/p\/vin-rose-cabernet-d-anjou-3455180054478?t=27074&quot;}}"
  layout="vertical"
  :render-context="{&quot;zone&quot;:&quot;product-list&quot;,&quot;clickAndCollectEnable&quot;:true}"
  >
  <article class="ds-product-card ds-product-card--vertical">
  <div>
              <div class="ds-product-card--vertical-icons">
                <div
  class="add-to-shoppinglist"
  ean="3455180054478"
  is="add-to-shoppinglist"
></div>
      
        
      </div>
        <div class="ds-product-card--vertical-highlightlabel">
      
    </div>
    <div class="ds-product-card--vertical-infos">
      <div class="ds-product-card--vertical-text">
                
<a
  href="/p/vin-rose-cabernet-d-anjou-3455180054478?t=27074"
  title="Vin rosé Cabernet d&#039;Anjou "
  rel=""
  target=""
  class="product-card-title product-card-title__reduced-line-clamp"
>
  

      

<h2 class="ds-title ds-title--s ds-title--medium">
  Vin rosé Cabernet d&#039;Anjou 
</h2>
</a>
      
                

    

<div class="ds-body-text ds-body-text--size-s ds-body-text--color-standard-3 product-card-packaging">
      la bouteille de 75 cl
  </div>
      
                

    

<div class="ds-body-text ds-body-text--size-s ds-body-text--color-standard-3 product-card-per-unit-label">
      4.27 € / Litre
  </div>
      
      </div>
      <div class="ds-product-card--vertical-image">
                
<a
  href="/p/vin-rose-cabernet-d-anjou-3455180054478?t=27074"
  title="Vin rosé Cabernet d&#039;Anjou "
  rel=""
  target=""
  class="product-card-image"
>
  <img
      src="/media/280x280/Photosite/PGC/BOISSONS/3455180054478_PHOTOSITE_20140327_214812_0.jpg?placeholder=1"         alt="Vin rosé Cabernet d&#039;Anjou "
  class="image product-card-image__image"
/>
</a>
      
      </div>
    </div>
        
    
  </div>
  <div>
    <div class="ds-product-card--vertical-promotion">
      
    </div>
    <div class="ds-product-card--vertical-flex">
              
    

    


<div class="product-card-price">
  <div class="product-card-price__price">
    

    

<span class="ds-title ds-title--m product-card-price__price--final">
  3,20€
</span>

      </div>
</div>
      
      <div class="ds-product-card--vertical-cta">
                  
<form
  is="add-to-cart"
  id="data-produit-acheter"
  class="add-to-cart"
  :product="{&quot;type&quot;:&quot;product&quot;,&quot;id&quot;:&quot;product-3455180054478&quot;,&quot;attributes&quot;:{&quot;ean&quot;:&quot;3455180054478&quot;,&quot;cdbase&quot;:&quot;2239712&quot;,&quot;title&quot;:&quot;Vin ros\u00e9 Cabernet d&#039;Anjou &quot;,&quot;brand&quot;:&quot;SANS.&quot;,&quot;slug&quot;:&quot;vin-rose-cabernet-d-anjou&quot;,&quot;availability&quot;:{&quot;indispensable&quot;:false,&quot;purchasable&quot;:true,&quot;stopped&quot;:false,&quot;suspended&quot;:false,&quot;suspensionReason&quot;:null,&quot;checkable&quot;:false,&quot;currentStoreOffer&quot;:null},&quot;price&quot;:{&quot;price&quot;:3.2000000000000002,&quot;unitOfMeasure&quot;:&quot;Litre&quot;,&quot;perUnitLabel&quot;:&quot;4.27 \u20ac \/ Litre&quot;,&quot;taxMessage&quot;:&quot;&quot;,&quot;perUnit&quot;:4.2699999999999996},&quot;ordering&quot;:{&quot;min&quot;:1,&quot;step&quot;:1,&quot;max&quot;:36},&quot;offerServiceId&quot;:&quot;0261-150-6&quot;,&quot;uri&quot;:&quot;boissons\/cave-a-vins\/vins-roses\/val-de-loire&quot;,&quot;categories&quot;:[{&quot;id&quot;:&quot;27070&quot;,&quot;code&quot;:&quot;R10&quot;,&quot;slug&quot;:&quot;boissons&quot;,&quot;label&quot;:&quot;Boissons&quot;,&quot;uri&quot;:&quot;boissons&quot;,&quot;type&quot;:&quot;RAYON&quot;,&quot;level&quot;:1,&quot;sellerId&quot;:null},{&quot;id&quot;:&quot;27074&quot;,&quot;code&quot;:&quot;R10F02&quot;,&quot;slug&quot;:&quot;cave-a-vins&quot;,&quot;label&quot;:&quot;Cave \u00e0 vins&quot;,&quot;uri&quot;:&quot;boissons\/cave-a-vins&quot;,&quot;type&quot;:&quot;RAYON&quot;,&quot;level&quot;:2,&quot;sellerId&quot;:null},{&quot;id&quot;:&quot;27107&quot;,&quot;code&quot;:&quot;R10F02SF03&quot;,&quot;slug&quot;:&quot;vins-roses&quot;,&quot;label&quot;:&quot;Vins ros\u00e9s&quot;,&quot;uri&quot;:&quot;boissons\/cave-a-vins\/vins-roses&quot;,&quot;type&quot;:&quot;RAYON&quot;,&quot;level&quot;:3,&quot;sellerId&quot;:null},{&quot;id&quot;:&quot;27163&quot;,&quot;code&quot;:&quot;R10F02SF03SS04&quot;,&quot;slug&quot;:&quot;val-de-loire&quot;,&quot;label&quot;:&quot;Val de Loire&quot;,&quot;uri&quot;:&quot;boissons\/cave-a-vins\/vins-roses\/val-de-loire&quot;,&quot;type&quot;:&quot;RAYON&quot;,&quot;level&quot;:4,&quot;sellerId&quot;:null}],&quot;topCategoryName&quot;:&quot;Boissons&quot;,&quot;images&quot;:[{&quot;largest&quot;:&quot;\/media\/1500x1500\/Photosite\/PGC\/BOISSONS\/3455180054478_PHOTOSITE_20140327_214812_0.jpg?placeholder=1&quot;,&quot;1500x1500&quot;:&quot;\/media\/1500x1500\/Photosite\/PGC\/BOISSONS\/3455180054478_PHOTOSITE_20140327_214812_0.jpg?placeholder=1&quot;,&quot;540x540&quot;:&quot;\/media\/540x540\/Photosite\/PGC\/BOISSONS\/3455180054478_PHOTOSITE_20140327_214812_0.jpg?placeholder=1&quot;,&quot;380x380&quot;:&quot;\/media\/380x380\/Photosite\/PGC\/BOISSONS\/3455180054478_PHOTOSITE_20140327_214812_0.jpg?placeholder=1&quot;,&quot;340x340&quot;:&quot;\/media\/340x340\/Photosite\/PGC\/BOISSONS\/3455180054478_PHOTOSITE_20140327_214812_0.jpg?placeholder=1&quot;,&quot;340x240&quot;:&quot;\/media\/340x240\/Photosite\/PGC\/BOISSONS\/3455180054478_PHOTOSITE_20140327_214812_0.jpg?placeholder=1&quot;,&quot;280x280&quot;:&quot;\/media\/280x280\/Photosite\/PGC\/BOISSONS\/3455180054478_PHOTOSITE_20140327_214812_0.jpg?placeholder=1&quot;,&quot;195x195&quot;:&quot;\/media\/195x195\/Photosite\/PGC\/BOISSONS\/3455180054478_PHOTOSITE_20140327_214812_0.jpg?placeholder=1&quot;,&quot;150x150&quot;:&quot;\/media\/150x150\/Photosite\/PGC\/BOISSONS\/3455180054478_PHOTOSITE_20140327_214812_0.jpg?placeholder=1&quot;,&quot;43x43&quot;:&quot;\/media\/43x43\/Photosite\/PGC\/BOISSONS\/3455180054478_PHOTOSITE_20140327_214812_0.jpg?placeholder=1&quot;},{&quot;largest&quot;:&quot;\/media\/1500x1500\/Photosite\/PGC\/BOISSONS\/3455180054478_PHOTOSITE_20140327_214812_7.jpg?placeholder=1&quot;,&quot;1500x1500&quot;:&quot;\/media\/1500x1500\/Photosite\/PGC\/BOISSONS\/3455180054478_PHOTOSITE_20140327_214812_7.jpg?placeholder=1&quot;,&quot;540x540&quot;:&quot;\/media\/540x540\/Photosite\/PGC\/BOISSONS\/3455180054478_PHOTOSITE_20140327_214812_7.jpg?placeholder=1&quot;,&quot;380x380&quot;:&quot;\/media\/380x380\/Photosite\/PGC\/BOISSONS\/3455180054478_PHOTOSITE_20140327_214812_7.jpg?placeholder=1&quot;,&quot;340x340&quot;:&quot;\/media\/340x340\/Photosite\/PGC\/BOISSONS\/3455180054478_PHOTOSITE_20140327_214812_7.jpg?placeholder=1&quot;,&quot;340x240&quot;:&quot;\/media\/340x240\/Photosite\/PGC\/BOISSONS\/3455180054478_PHOTOSITE_20140327_214812_7.jpg?placeholder=1&quot;,&quot;280x280&quot;:&quot;\/media\/280x280\/Photosite\/PGC\/BOISSONS\/3455180054478_PHOTOSITE_20140327_214812_7.jpg?placeholder=1&quot;,&quot;195x195&quot;:&quot;\/media\/195x195\/Photosite\/PGC\/BOISSONS\/3455180054478_PHOTOSITE_20140327_214812_7.jpg?placeholder=1&quot;,&quot;150x150&quot;:&quot;\/media\/150x150\/Photosite\/PGC\/BOISSONS\/3455180054478_PHOTOSITE_20140327_214812_7.jpg?placeholder=1&quot;,&quot;43x43&quot;:&quot;\/media\/43x43\/Photosite\/PGC\/BOISSONS\/3455180054478_PHOTOSITE_20140327_214812_7.jpg?placeholder=1&quot;}],&quot;promotion&quot;:null,&quot;isDonation&quot;:false,&quot;highlightLabel&quot;:null,&quot;seller&quot;:null,&quot;sellerId&quot;:null,&quot;marketplace&quot;:null,&quot;freshness&quot;:null,&quot;traceability&quot;:null,&quot;flags&quot;:[],&quot;clubs&quot;:[],&quot;packaging&quot;:&quot;la bouteille de 75 cl&quot;,&quot;origin&quot;:&quot;&quot;,&quot;format&quot;:&quot;75cL&quot;},&quot;relationships&quot;:{&quot;substitution&quot;:null},&quot;meta&quot;:{&quot;recommendation&quot;:null,&quot;cta&quot;:&quot;buy&quot;,&quot;features&quot;:{&quot;shoppingList&quot;:true,&quot;deletable&quot;:false,&quot;swap&quot;:false,&quot;feedback&quot;:false,&quot;freshness&quot;:true}},&quot;links&quot;:{&quot;self&quot;:&quot;\/p\/vin-rose-cabernet-d-anjou-3455180054478?t=27074&quot;}}"
  is-click-and-collect=""
  offer-service-id="0261-150-6"
  basket-service-id=""
  :render-context="{&quot;zone&quot;:&quot;product-list&quot;,&quot;clickAndCollectEnable&quot;:true}" >
  

<button
  class="pl-button pl-button--primary"
        
>
      <span class="pl-button__label">
                    </span>
  </button>
</form>

      
      </div>
    </div>
      </div>
</article>
</div>

                    </li>
            
                <li class="product-grid-item " >
    
                        


<div
  is="ds-product-card"
  class="ds-product-card__twigwrap"
  :index="5"
  :product="{&quot;type&quot;:&quot;product&quot;,&quot;id&quot;:&quot;product-3175528450242&quot;,&quot;attributes&quot;:{&quot;ean&quot;:&quot;3175528450242&quot;,&quot;cdbase&quot;:&quot;56409&quot;,&quot;title&quot;:&quot;Vin blanc de table LA VILLAGEOISE&quot;,&quot;brand&quot;:&quot;REFS.SANS MARQUE&quot;,&quot;slug&quot;:&quot;vin-blanc-de-table-la-villageoise&quot;,&quot;availability&quot;:{&quot;indispensable&quot;:false,&quot;purchasable&quot;:true,&quot;stopped&quot;:false,&quot;suspended&quot;:false,&quot;suspensionReason&quot;:null,&quot;checkable&quot;:false,&quot;currentStoreOffer&quot;:null},&quot;price&quot;:{&quot;price&quot;:4.0999999999999996,&quot;unitOfMeasure&quot;:&quot;Litre&quot;,&quot;perUnitLabel&quot;:&quot;2.73 \u20ac \/ Litre&quot;,&quot;taxMessage&quot;:&quot;&quot;,&quot;perUnit&quot;:2.73},&quot;ordering&quot;:{&quot;min&quot;:1,&quot;step&quot;:1,&quot;max&quot;:36},&quot;offerServiceId&quot;:&quot;0261-150-6&quot;,&quot;uri&quot;:&quot;boissons\/cave-a-vins\/vins-blancs\/vins-de-pays-vins-de-table-blanc&quot;,&quot;categories&quot;:[{&quot;id&quot;:&quot;27070&quot;,&quot;code&quot;:&quot;R10&quot;,&quot;slug&quot;:&quot;boissons&quot;,&quot;label&quot;:&quot;Boissons&quot;,&quot;uri&quot;:&quot;boissons&quot;,&quot;type&quot;:&quot;RAYON&quot;,&quot;level&quot;:1,&quot;sellerId&quot;:null},{&quot;id&quot;:&quot;27074&quot;,&quot;code&quot;:&quot;R10F02&quot;,&quot;slug&quot;:&quot;cave-a-vins&quot;,&quot;label&quot;:&quot;Cave \u00e0 vins&quot;,&quot;uri&quot;:&quot;boissons\/cave-a-vins&quot;,&quot;type&quot;:&quot;RAYON&quot;,&quot;level&quot;:2,&quot;sellerId&quot;:null},{&quot;id&quot;:&quot;27106&quot;,&quot;code&quot;:&quot;R10F02SF02&quot;,&quot;slug&quot;:&quot;vins-blancs&quot;,&quot;label&quot;:&quot;Vins blancs&quot;,&quot;uri&quot;:&quot;boissons\/cave-a-vins\/vins-blancs&quot;,&quot;type&quot;:&quot;RAYON&quot;,&quot;level&quot;:3,&quot;sellerId&quot;:null},{&quot;id&quot;:&quot;27160&quot;,&quot;code&quot;:&quot;R10F02SF02SS10&quot;,&quot;slug&quot;:&quot;vins-de-pays-vins-de-table-blanc&quot;,&quot;label&quot;:&quot;Vins de pays et Vins de table blanc&quot;,&quot;uri&quot;:&quot;boissons\/cave-a-vins\/vins-blancs\/vins-de-pays-vins-de-table-blanc&quot;,&quot;type&quot;:&quot;RAYON&quot;,&quot;level&quot;:4,&quot;sellerId&quot;:null}],&quot;topCategoryName&quot;:&quot;Boissons&quot;,&quot;images&quot;:[{&quot;largest&quot;:&quot;\/media\/1500x1500\/Photosite\/PGC\/BOISSONS\/3175528450242_PHOTOSITE_20201106_173918_0.jpg?placeholder=1&quot;,&quot;1500x1500&quot;:&quot;\/media\/1500x1500\/Photosite\/PGC\/BOISSONS\/3175528450242_PHOTOSITE_20201106_173918_0.jpg?placeholder=1&quot;,&quot;540x540&quot;:&quot;\/media\/540x540\/Photosite\/PGC\/BOISSONS\/3175528450242_PHOTOSITE_20201106_173918_0.jpg?placeholder=1&quot;,&quot;380x380&quot;:&quot;\/media\/380x380\/Photosite\/PGC\/BOISSONS\/3175528450242_PHOTOSITE_20201106_173918_0.jpg?placeholder=1&quot;,&quot;340x340&quot;:&quot;\/media\/340x340\/Photosite\/PGC\/BOISSONS\/3175528450242_PHOTOSITE_20201106_173918_0.jpg?placeholder=1&quot;,&quot;340x240&quot;:&quot;\/media\/340x240\/Photosite\/PGC\/BOISSONS\/3175528450242_PHOTOSITE_20201106_173918_0.jpg?placeholder=1&quot;,&quot;280x280&quot;:&quot;\/media\/280x280\/Photosite\/PGC\/BOISSONS\/3175528450242_PHOTOSITE_20201106_173918_0.jpg?placeholder=1&quot;,&quot;195x195&quot;:&quot;\/media\/195x195\/Photosite\/PGC\/BOISSONS\/3175528450242_PHOTOSITE_20201106_173918_0.jpg?placeholder=1&quot;,&quot;150x150&quot;:&quot;\/media\/150x150\/Photosite\/PGC\/BOISSONS\/3175528450242_PHOTOSITE_20201106_173918_0.jpg?placeholder=1&quot;,&quot;43x43&quot;:&quot;\/media\/43x43\/Photosite\/PGC\/BOISSONS\/3175528450242_PHOTOSITE_20201106_173918_0.jpg?placeholder=1&quot;}],&quot;promotion&quot;:null,&quot;isDonation&quot;:false,&quot;highlightLabel&quot;:null,&quot;seller&quot;:null,&quot;sellerId&quot;:null,&quot;marketplace&quot;:null,&quot;freshness&quot;:null,&quot;traceability&quot;:null,&quot;flags&quot;:[],&quot;clubs&quot;:[],&quot;packaging&quot;:&quot;le pack de 6 bouteilles de 25cL&quot;,&quot;origin&quot;:&quot;&quot;,&quot;format&quot;:&quot;25cL&quot;},&quot;relationships&quot;:{&quot;substitution&quot;:null},&quot;meta&quot;:{&quot;recommendation&quot;:null,&quot;cta&quot;:&quot;buy&quot;,&quot;features&quot;:{&quot;shoppingList&quot;:true,&quot;deletable&quot;:false,&quot;swap&quot;:false,&quot;feedback&quot;:false,&quot;freshness&quot;:true}},&quot;links&quot;:{&quot;self&quot;:&quot;\/p\/vin-blanc-de-table-la-villageoise-3175528450242?t=27074&quot;}}"
  layout="vertical"
  :render-context="{&quot;zone&quot;:&quot;product-list&quot;,&quot;clickAndCollectEnable&quot;:true}"
  >
  <article class="ds-product-card ds-product-card--vertical">
  <div>
              <div class="ds-product-card--vertical-icons">
                <div
  class="add-to-shoppinglist"
  ean="3175528450242"
  is="add-to-shoppinglist"
></div>
      
        
      </div>
        <div class="ds-product-card--vertical-highlightlabel">
      
    </div>
    <div class="ds-product-card--vertical-infos">
      <div class="ds-product-card--vertical-text">
                
<a
  href="/p/vin-blanc-de-table-la-villageoise-3175528450242?t=27074"
  title="Vin blanc de table LA VILLAGEOISE"
  rel=""
  target=""
  class="product-card-title product-card-title__reduced-line-clamp"
>
  

      

<h2 class="ds-title ds-title--s ds-title--medium">
  Vin blanc de table LA VILLAGEOISE
</h2>
</a>
      
                

    

<div class="ds-body-text ds-body-text--size-s ds-body-text--color-standard-3 product-card-packaging">
      le pack de 6 bouteilles de 25cL
  </div>
      
                

    

<div class="ds-body-text ds-body-text--size-s ds-body-text--color-standard-3 product-card-per-unit-label">
      2.73 € / Litre
  </div>
      
      </div>
      <div class="ds-product-card--vertical-image">
                
<a
  href="/p/vin-blanc-de-table-la-villageoise-3175528450242?t=27074"
  title="Vin blanc de table LA VILLAGEOISE"
  rel=""
  target=""
  class="product-card-image"
>
  <img
      src="/images/loader-dots.svg"        data-src="/media/280x280/Photosite/PGC/BOISSONS/3175528450242_PHOTOSITE_20201106_173918_0.jpg?placeholder=1"        alt="Vin blanc de table LA VILLAGEOISE"
  class="image image--hidden image--lazy product-card-image__image"
/>
</a>
      
      </div>
    </div>
        
    
  </div>
  <div>
    <div class="ds-product-card--vertical-promotion">
      
    </div>
    <div class="ds-product-card--vertical-flex">
              
    

    


<div class="product-card-price">
  <div class="product-card-price__price">
    

    

<span class="ds-title ds-title--m product-card-price__price--final">
  4,10€
</span>

      </div>
</div>
      
      <div class="ds-product-card--vertical-cta">
                  
<form
  is="add-to-cart"
  id="data-produit-acheter"
  class="add-to-cart"
  :product="{&quot;type&quot;:&quot;product&quot;,&quot;id&quot;:&quot;product-3175528450242&quot;,&quot;attributes&quot;:{&quot;ean&quot;:&quot;3175528450242&quot;,&quot;cdbase&quot;:&quot;56409&quot;,&quot;title&quot;:&quot;Vin blanc de table LA VILLAGEOISE&quot;,&quot;brand&quot;:&quot;REFS.SANS MARQUE&quot;,&quot;slug&quot;:&quot;vin-blanc-de-table-la-villageoise&quot;,&quot;availability&quot;:{&quot;indispensable&quot;:false,&quot;purchasable&quot;:true,&quot;stopped&quot;:false,&quot;suspended&quot;:false,&quot;suspensionReason&quot;:null,&quot;checkable&quot;:false,&quot;currentStoreOffer&quot;:null},&quot;price&quot;:{&quot;price&quot;:4.0999999999999996,&quot;unitOfMeasure&quot;:&quot;Litre&quot;,&quot;perUnitLabel&quot;:&quot;2.73 \u20ac \/ Litre&quot;,&quot;taxMessage&quot;:&quot;&quot;,&quot;perUnit&quot;:2.73},&quot;ordering&quot;:{&quot;min&quot;:1,&quot;step&quot;:1,&quot;max&quot;:36},&quot;offerServiceId&quot;:&quot;0261-150-6&quot;,&quot;uri&quot;:&quot;boissons\/cave-a-vins\/vins-blancs\/vins-de-pays-vins-de-table-blanc&quot;,&quot;categories&quot;:[{&quot;id&quot;:&quot;27070&quot;,&quot;code&quot;:&quot;R10&quot;,&quot;slug&quot;:&quot;boissons&quot;,&quot;label&quot;:&quot;Boissons&quot;,&quot;uri&quot;:&quot;boissons&quot;,&quot;type&quot;:&quot;RAYON&quot;,&quot;level&quot;:1,&quot;sellerId&quot;:null},{&quot;id&quot;:&quot;27074&quot;,&quot;code&quot;:&quot;R10F02&quot;,&quot;slug&quot;:&quot;cave-a-vins&quot;,&quot;label&quot;:&quot;Cave \u00e0 vins&quot;,&quot;uri&quot;:&quot;boissons\/cave-a-vins&quot;,&quot;type&quot;:&quot;RAYON&quot;,&quot;level&quot;:2,&quot;sellerId&quot;:null},{&quot;id&quot;:&quot;27106&quot;,&quot;code&quot;:&quot;R10F02SF02&quot;,&quot;slug&quot;:&quot;vins-blancs&quot;,&quot;label&quot;:&quot;Vins blancs&quot;,&quot;uri&quot;:&quot;boissons\/cave-a-vins\/vins-blancs&quot;,&quot;type&quot;:&quot;RAYON&quot;,&quot;level&quot;:3,&quot;sellerId&quot;:null},{&quot;id&quot;:&quot;27160&quot;,&quot;code&quot;:&quot;R10F02SF02SS10&quot;,&quot;slug&quot;:&quot;vins-de-pays-vins-de-table-blanc&quot;,&quot;label&quot;:&quot;Vins de pays et Vins de table blanc&quot;,&quot;uri&quot;:&quot;boissons\/cave-a-vins\/vins-blancs\/vins-de-pays-vins-de-table-blanc&quot;,&quot;type&quot;:&quot;RAYON&quot;,&quot;level&quot;:4,&quot;sellerId&quot;:null}],&quot;topCategoryName&quot;:&quot;Boissons&quot;,&quot;images&quot;:[{&quot;largest&quot;:&quot;\/media\/1500x1500\/Photosite\/PGC\/BOISSONS\/3175528450242_PHOTOSITE_20201106_173918_0.jpg?placeholder=1&quot;,&quot;1500x1500&quot;:&quot;\/media\/1500x1500\/Photosite\/PGC\/BOISSONS\/3175528450242_PHOTOSITE_20201106_173918_0.jpg?placeholder=1&quot;,&quot;540x540&quot;:&quot;\/media\/540x540\/Photosite\/PGC\/BOISSONS\/3175528450242_PHOTOSITE_20201106_173918_0.jpg?placeholder=1&quot;,&quot;380x380&quot;:&quot;\/media\/380x380\/Photosite\/PGC\/BOISSONS\/3175528450242_PHOTOSITE_20201106_173918_0.jpg?placeholder=1&quot;,&quot;340x340&quot;:&quot;\/media\/340x340\/Photosite\/PGC\/BOISSONS\/3175528450242_PHOTOSITE_20201106_173918_0.jpg?placeholder=1&quot;,&quot;340x240&quot;:&quot;\/media\/340x240\/Photosite\/PGC\/BOISSONS\/3175528450242_PHOTOSITE_20201106_173918_0.jpg?placeholder=1&quot;,&quot;280x280&quot;:&quot;\/media\/280x280\/Photosite\/PGC\/BOISSONS\/3175528450242_PHOTOSITE_20201106_173918_0.jpg?placeholder=1&quot;,&quot;195x195&quot;:&quot;\/media\/195x195\/Photosite\/PGC\/BOISSONS\/3175528450242_PHOTOSITE_20201106_173918_0.jpg?placeholder=1&quot;,&quot;150x150&quot;:&quot;\/media\/150x150\/Photosite\/PGC\/BOISSONS\/3175528450242_PHOTOSITE_20201106_173918_0.jpg?placeholder=1&quot;,&quot;43x43&quot;:&quot;\/media\/43x43\/Photosite\/PGC\/BOISSONS\/3175528450242_PHOTOSITE_20201106_173918_0.jpg?placeholder=1&quot;}],&quot;promotion&quot;:null,&quot;isDonation&quot;:false,&quot;highlightLabel&quot;:null,&quot;seller&quot;:null,&quot;sellerId&quot;:null,&quot;marketplace&quot;:null,&quot;freshness&quot;:null,&quot;traceability&quot;:null,&quot;flags&quot;:[],&quot;clubs&quot;:[],&quot;packaging&quot;:&quot;le pack de 6 bouteilles de 25cL&quot;,&quot;origin&quot;:&quot;&quot;,&quot;format&quot;:&quot;25cL&quot;},&quot;relationships&quot;:{&quot;substitution&quot;:null},&quot;meta&quot;:{&quot;recommendation&quot;:null,&quot;cta&quot;:&quot;buy&quot;,&quot;features&quot;:{&quot;shoppingList&quot;:true,&quot;deletable&quot;:false,&quot;swap&quot;:false,&quot;feedback&quot;:false,&quot;freshness&quot;:true}},&quot;links&quot;:{&quot;self&quot;:&quot;\/p\/vin-blanc-de-table-la-villageoise-3175528450242?t=27074&quot;}}"
  is-click-and-collect=""
  offer-service-id="0261-150-6"
  basket-service-id=""
  :render-context="{&quot;zone&quot;:&quot;product-list&quot;,&quot;clickAndCollectEnable&quot;:true}" >
  

<button
  class="pl-button pl-button--primary"
        
>
      <span class="pl-button__label">
                    </span>
  </button>
</form>

      
      </div>
    </div>
      </div>
</article>
</div>

                    </li>
            
                <li class="product-grid-item " >
    
                        


<div
  is="ds-product-card"
  class="ds-product-card__twigwrap"
  :index="6"
  :product="{&quot;type&quot;:&quot;product&quot;,&quot;id&quot;:&quot;product-8002793000504&quot;,&quot;attributes&quot;:{&quot;ean&quot;:&quot;8002793000504&quot;,&quot;cdbase&quot;:&quot;2313168&quot;,&quot;title&quot;:&quot;Vin Rouge Vins \u00e9trangers Chanti D.O.C.G. PICCINI&quot;,&quot;brand&quot;:&quot;REFS.SANS MARQUE&quot;,&quot;slug&quot;:&quot;vin-rouge-vins-etrangers-chanti-d-o-c-g-piccini&quot;,&quot;availability&quot;:{&quot;indispensable&quot;:false,&quot;purchasable&quot;:true,&quot;stopped&quot;:false,&quot;suspended&quot;:false,&quot;suspensionReason&quot;:null,&quot;checkable&quot;:false,&quot;currentStoreOffer&quot;:null},&quot;price&quot;:{&quot;price&quot;:4.4199999999999999,&quot;unitOfMeasure&quot;:&quot;Litre&quot;,&quot;perUnitLabel&quot;:&quot;5.89 \u20ac \/ Litre&quot;,&quot;taxMessage&quot;:&quot;&quot;,&quot;perUnit&quot;:5.8899999999999997},&quot;ordering&quot;:{&quot;min&quot;:1,&quot;step&quot;:1,&quot;max&quot;:36},&quot;offerServiceId&quot;:&quot;0261-150-6&quot;,&quot;uri&quot;:&quot;boissons\/cave-a-vins\/vins-etrangers&quot;,&quot;categories&quot;:[{&quot;id&quot;:&quot;27070&quot;,&quot;code&quot;:&quot;R10&quot;,&quot;slug&quot;:&quot;boissons&quot;,&quot;label&quot;:&quot;Boissons&quot;,&quot;uri&quot;:&quot;boissons&quot;,&quot;type&quot;:&quot;RAYON&quot;,&quot;level&quot;:1,&quot;sellerId&quot;:null},{&quot;id&quot;:&quot;27074&quot;,&quot;code&quot;:&quot;R10F02&quot;,&quot;slug&quot;:&quot;cave-a-vins&quot;,&quot;label&quot;:&quot;Cave \u00e0 vins&quot;,&quot;uri&quot;:&quot;boissons\/cave-a-vins&quot;,&quot;type&quot;:&quot;RAYON&quot;,&quot;level&quot;:2,&quot;sellerId&quot;:null},{&quot;id&quot;:&quot;27139&quot;,&quot;code&quot;:&quot;R10F02SF04&quot;,&quot;slug&quot;:&quot;vins-etrangers&quot;,&quot;label&quot;:&quot;Vins \u00e9trangers&quot;,&quot;uri&quot;:&quot;boissons\/cave-a-vins\/vins-etrangers&quot;,&quot;type&quot;:&quot;RAYON&quot;,&quot;level&quot;:3,&quot;sellerId&quot;:null}],&quot;topCategoryName&quot;:&quot;Boissons&quot;,&quot;images&quot;:[{&quot;largest&quot;:&quot;\/media\/1500x1500\/Photosite\/PGC\/BOISSONS\/8002793000504_PHOTOSITE_20200822_053311_0.jpg?placeholder=1&quot;,&quot;1500x1500&quot;:&quot;\/media\/1500x1500\/Photosite\/PGC\/BOISSONS\/8002793000504_PHOTOSITE_20200822_053311_0.jpg?placeholder=1&quot;,&quot;540x540&quot;:&quot;\/media\/540x540\/Photosite\/PGC\/BOISSONS\/8002793000504_PHOTOSITE_20200822_053311_0.jpg?placeholder=1&quot;,&quot;380x380&quot;:&quot;\/media\/380x380\/Photosite\/PGC\/BOISSONS\/8002793000504_PHOTOSITE_20200822_053311_0.jpg?placeholder=1&quot;,&quot;340x340&quot;:&quot;\/media\/340x340\/Photosite\/PGC\/BOISSONS\/8002793000504_PHOTOSITE_20200822_053311_0.jpg?placeholder=1&quot;,&quot;340x240&quot;:&quot;\/media\/340x240\/Photosite\/PGC\/BOISSONS\/8002793000504_PHOTOSITE_20200822_053311_0.jpg?placeholder=1&quot;,&quot;280x280&quot;:&quot;\/media\/280x280\/Photosite\/PGC\/BOISSONS\/8002793000504_PHOTOSITE_20200822_053311_0.jpg?placeholder=1&quot;,&quot;195x195&quot;:&quot;\/media\/195x195\/Photosite\/PGC\/BOISSONS\/8002793000504_PHOTOSITE_20200822_053311_0.jpg?placeholder=1&quot;,&quot;150x150&quot;:&quot;\/media\/150x150\/Photosite\/PGC\/BOISSONS\/8002793000504_PHOTOSITE_20200822_053311_0.jpg?placeholder=1&quot;,&quot;43x43&quot;:&quot;\/media\/43x43\/Photosite\/PGC\/BOISSONS\/8002793000504_PHOTOSITE_20200822_053311_0.jpg?placeholder=1&quot;}],&quot;promotion&quot;:null,&quot;isDonation&quot;:false,&quot;highlightLabel&quot;:null,&quot;seller&quot;:null,&quot;sellerId&quot;:null,&quot;marketplace&quot;:null,&quot;freshness&quot;:null,&quot;traceability&quot;:null,&quot;flags&quot;:[&quot;flag.common.glutenfree&quot;],&quot;clubs&quot;:[],&quot;packaging&quot;:&quot;la bouteille de 75cL - Vendues Par &quot;,&quot;origin&quot;:&quot;&quot;,&quot;format&quot;:&quot;75cL&quot;},&quot;relationships&quot;:{&quot;substitution&quot;:null},&quot;meta&quot;:{&quot;recommendation&quot;:null,&quot;cta&quot;:&quot;buy&quot;,&quot;features&quot;:{&quot;shoppingList&quot;:true,&quot;deletable&quot;:false,&quot;swap&quot;:false,&quot;feedback&quot;:false,&quot;freshness&quot;:true}},&quot;links&quot;:{&quot;self&quot;:&quot;\/p\/vin-rouge-vins-etrangers-chanti-d-o-c-g-piccini-8002793000504?t=27074&quot;}}"
  layout="vertical"
  :render-context="{&quot;zone&quot;:&quot;product-list&quot;,&quot;clickAndCollectEnable&quot;:true}"
  >
  <article class="ds-product-card ds-product-card--vertical">
  <div>
              <div class="ds-product-card--vertical-icons">
                <div
  class="add-to-shoppinglist"
  ean="8002793000504"
  is="add-to-shoppinglist"
></div>
      
        
      </div>
        <div class="ds-product-card--vertical-highlightlabel">
      
    </div>
    <div class="ds-product-card--vertical-infos">
      <div class="ds-product-card--vertical-text">
                
<a
  href="/p/vin-rouge-vins-etrangers-chanti-d-o-c-g-piccini-8002793000504?t=27074"
  title="Vin Rouge Vins étrangers Chanti D.O.C.G. PICCINI"
  rel=""
  target=""
  class="product-card-title product-card-title__reduced-line-clamp"
>
  

      

<h2 class="ds-title ds-title--s ds-title--medium">
  Vin Rouge Vins étrangers Chanti D.O.C.G. PICCINI
</h2>
</a>
      
                

    

<div class="ds-body-text ds-body-text--size-s ds-body-text--color-standard-3 product-card-packaging">
      la bouteille de 75cL - Vendues Par 
  </div>
      
                

    

<div class="ds-body-text ds-body-text--size-s ds-body-text--color-standard-3 product-card-per-unit-label">
      5.89 € / Litre
  </div>
      
      </div>
      <div class="ds-product-card--vertical-image">
                
<a
  href="/p/vin-rouge-vins-etrangers-chanti-d-o-c-g-piccini-8002793000504?t=27074"
  title="Vin Rouge Vins étrangers Chanti D.O.C.G. PICCINI"
  rel=""
  target=""
  class="product-card-image"
>
  <img
      src="/images/loader-dots.svg"        data-src="/media/280x280/Photosite/PGC/BOISSONS/8002793000504_PHOTOSITE_20200822_053311_0.jpg?placeholder=1"        alt="Vin Rouge Vins étrangers Chanti D.O.C.G. PICCINI"
  class="image image--hidden image--lazy product-card-image__image"
/>
</a>
      
      </div>
    </div>
          <div class="ds-product-card--vertical-badges">
                

  <ul class="product-badges-list" is="product-badges-list" :flags="[&quot;flag.common.glutenfree&quot;]" :modifiers="[&quot;size-m&quot;]">
                            <li class="product-badges-list__item">
            

<a class="product-badge__link product-badge--flag-common-glutenfr product-badge--size-m" href="#flag.common.glutenfree" data-flag-id="flag.common.glutenfree">
  <picture class="product-badge__icon">
    <img
      src="/images/badges/flag-common-glutenfree.svg"         alt="Sans gluten"
  class="image product-badge__icon__img"
/>
  </picture>
  <span class="product-badge__title">Sans gluten</span>
</a>
          </li>
                    </ul>
      
      </div>
        
    
  </div>
  <div>
    <div class="ds-product-card--vertical-promotion">
      
    </div>
    <div class="ds-product-card--vertical-flex">
              
    

    


<div class="product-card-price">
  <div class="product-card-price__price">
    

    

<span class="ds-title ds-title--m product-card-price__price--final">
  4,42€
</span>

      </div>
</div>
      
      <div class="ds-product-card--vertical-cta">
                  
<form
  is="add-to-cart"
  id="data-produit-acheter"
  class="add-to-cart"
  :product="{&quot;type&quot;:&quot;product&quot;,&quot;id&quot;:&quot;product-8002793000504&quot;,&quot;attributes&quot;:{&quot;ean&quot;:&quot;8002793000504&quot;,&quot;cdbase&quot;:&quot;2313168&quot;,&quot;title&quot;:&quot;Vin Rouge Vins \u00e9trangers Chanti D.O.C.G. PICCINI&quot;,&quot;brand&quot;:&quot;REFS.SANS MARQUE&quot;,&quot;slug&quot;:&quot;vin-rouge-vins-etrangers-chanti-d-o-c-g-piccini&quot;,&quot;availability&quot;:{&quot;indispensable&quot;:false,&quot;purchasable&quot;:true,&quot;stopped&quot;:false,&quot;suspended&quot;:false,&quot;suspensionReason&quot;:null,&quot;checkable&quot;:false,&quot;currentStoreOffer&quot;:null},&quot;price&quot;:{&quot;price&quot;:4.4199999999999999,&quot;unitOfMeasure&quot;:&quot;Litre&quot;,&quot;perUnitLabel&quot;:&quot;5.89 \u20ac \/ Litre&quot;,&quot;taxMessage&quot;:&quot;&quot;,&quot;perUnit&quot;:5.8899999999999997},&quot;ordering&quot;:{&quot;min&quot;:1,&quot;step&quot;:1,&quot;max&quot;:36},&quot;offerServiceId&quot;:&quot;0261-150-6&quot;,&quot;uri&quot;:&quot;boissons\/cave-a-vins\/vins-etrangers&quot;,&quot;categories&quot;:[{&quot;id&quot;:&quot;27070&quot;,&quot;code&quot;:&quot;R10&quot;,&quot;slug&quot;:&quot;boissons&quot;,&quot;label&quot;:&quot;Boissons&quot;,&quot;uri&quot;:&quot;boissons&quot;,&quot;type&quot;:&quot;RAYON&quot;,&quot;level&quot;:1,&quot;sellerId&quot;:null},{&quot;id&quot;:&quot;27074&quot;,&quot;code&quot;:&quot;R10F02&quot;,&quot;slug&quot;:&quot;cave-a-vins&quot;,&quot;label&quot;:&quot;Cave \u00e0 vins&quot;,&quot;uri&quot;:&quot;boissons\/cave-a-vins&quot;,&quot;type&quot;:&quot;RAYON&quot;,&quot;level&quot;:2,&quot;sellerId&quot;:null},{&quot;id&quot;:&quot;27139&quot;,&quot;code&quot;:&quot;R10F02SF04&quot;,&quot;slug&quot;:&quot;vins-etrangers&quot;,&quot;label&quot;:&quot;Vins \u00e9trangers&quot;,&quot;uri&quot;:&quot;boissons\/cave-a-vins\/vins-etrangers&quot;,&quot;type&quot;:&quot;RAYON&quot;,&quot;level&quot;:3,&quot;sellerId&quot;:null}],&quot;topCategoryName&quot;:&quot;Boissons&quot;,&quot;images&quot;:[{&quot;largest&quot;:&quot;\/media\/1500x1500\/Photosite\/PGC\/BOISSONS\/8002793000504_PHOTOSITE_20200822_053311_0.jpg?placeholder=1&quot;,&quot;1500x1500&quot;:&quot;\/media\/1500x1500\/Photosite\/PGC\/BOISSONS\/8002793000504_PHOTOSITE_20200822_053311_0.jpg?placeholder=1&quot;,&quot;540x540&quot;:&quot;\/media\/540x540\/Photosite\/PGC\/BOISSONS\/8002793000504_PHOTOSITE_20200822_053311_0.jpg?placeholder=1&quot;,&quot;380x380&quot;:&quot;\/media\/380x380\/Photosite\/PGC\/BOISSONS\/8002793000504_PHOTOSITE_20200822_053311_0.jpg?placeholder=1&quot;,&quot;340x340&quot;:&quot;\/media\/340x340\/Photosite\/PGC\/BOISSONS\/8002793000504_PHOTOSITE_20200822_053311_0.jpg?placeholder=1&quot;,&quot;340x240&quot;:&quot;\/media\/340x240\/Photosite\/PGC\/BOISSONS\/8002793000504_PHOTOSITE_20200822_053311_0.jpg?placeholder=1&quot;,&quot;280x280&quot;:&quot;\/media\/280x280\/Photosite\/PGC\/BOISSONS\/8002793000504_PHOTOSITE_20200822_053311_0.jpg?placeholder=1&quot;,&quot;195x195&quot;:&quot;\/media\/195x195\/Photosite\/PGC\/BOISSONS\/8002793000504_PHOTOSITE_20200822_053311_0.jpg?placeholder=1&quot;,&quot;150x150&quot;:&quot;\/media\/150x150\/Photosite\/PGC\/BOISSONS\/8002793000504_PHOTOSITE_20200822_053311_0.jpg?placeholder=1&quot;,&quot;43x43&quot;:&quot;\/media\/43x43\/Photosite\/PGC\/BOISSONS\/8002793000504_PHOTOSITE_20200822_053311_0.jpg?placeholder=1&quot;}],&quot;promotion&quot;:null,&quot;isDonation&quot;:false,&quot;highlightLabel&quot;:null,&quot;seller&quot;:null,&quot;sellerId&quot;:null,&quot;marketplace&quot;:null,&quot;freshness&quot;:null,&quot;traceability&quot;:null,&quot;flags&quot;:[&quot;flag.common.glutenfree&quot;],&quot;clubs&quot;:[],&quot;packaging&quot;:&quot;la bouteille de 75cL - Vendues Par &quot;,&quot;origin&quot;:&quot;&quot;,&quot;format&quot;:&quot;75cL&quot;},&quot;relationships&quot;:{&quot;substitution&quot;:null},&quot;meta&quot;:{&quot;recommendation&quot;:null,&quot;cta&quot;:&quot;buy&quot;,&quot;features&quot;:{&quot;shoppingList&quot;:true,&quot;deletable&quot;:false,&quot;swap&quot;:false,&quot;feedback&quot;:false,&quot;freshness&quot;:true}},&quot;links&quot;:{&quot;self&quot;:&quot;\/p\/vin-rouge-vins-etrangers-chanti-d-o-c-g-piccini-8002793000504?t=27074&quot;}}"
  is-click-and-collect=""
  offer-service-id="0261-150-6"
  basket-service-id=""
  :render-context="{&quot;zone&quot;:&quot;product-list&quot;,&quot;clickAndCollectEnable&quot;:true}" >
  

<button
  class="pl-button pl-button--primary"
        
>
      <span class="pl-button__label">
                    </span>
  </button>
</form>

      
      </div>
    </div>
      </div>
</article>
</div>

                    </li>
            
                <li class="product-grid-item " >
    
                        


<div
  is="ds-product-card"
  class="ds-product-card__twigwrap"
  :index="7"
  :product="{&quot;type&quot;:&quot;product&quot;,&quot;id&quot;:&quot;product-3211203433220&quot;,&quot;attributes&quot;:{&quot;ean&quot;:&quot;3211203433220&quot;,&quot;cdbase&quot;:&quot;2880017&quot;,&quot;title&quot;:&quot;Vin rouge Bordeaux BARON DE LESTAC 2016&quot;,&quot;brand&quot;:&quot;REFS.SANS MARQUE&quot;,&quot;slug&quot;:&quot;vin-rouge-bordeaux-baron-de-lestac-2016&quot;,&quot;availability&quot;:{&quot;indispensable&quot;:false,&quot;purchasable&quot;:true,&quot;stopped&quot;:false,&quot;suspended&quot;:false,&quot;suspensionReason&quot;:null,&quot;checkable&quot;:false,&quot;currentStoreOffer&quot;:null},&quot;price&quot;:{&quot;price&quot;:3.9900000000000002,&quot;unitOfMeasure&quot;:&quot;Litre&quot;,&quot;perUnitLabel&quot;:&quot;5.32 \u20ac \/ Litre&quot;,&quot;taxMessage&quot;:&quot;&quot;,&quot;perUnit&quot;:5.3200000000000003},&quot;ordering&quot;:{&quot;min&quot;:1,&quot;step&quot;:1,&quot;max&quot;:36},&quot;offerServiceId&quot;:&quot;0261-150-6&quot;,&quot;uri&quot;:&quot;boissons\/cave-a-vins\/vins-rouges\/bordeaux&quot;,&quot;categories&quot;:[{&quot;id&quot;:&quot;27070&quot;,&quot;code&quot;:&quot;R10&quot;,&quot;slug&quot;:&quot;boissons&quot;,&quot;label&quot;:&quot;Boissons&quot;,&quot;uri&quot;:&quot;boissons&quot;,&quot;type&quot;:&quot;RAYON&quot;,&quot;level&quot;:1,&quot;sellerId&quot;:null},{&quot;id&quot;:&quot;27074&quot;,&quot;code&quot;:&quot;R10F02&quot;,&quot;slug&quot;:&quot;cave-a-vins&quot;,&quot;label&quot;:&quot;Cave \u00e0 vins&quot;,&quot;uri&quot;:&quot;boissons\/cave-a-vins&quot;,&quot;type&quot;:&quot;RAYON&quot;,&quot;level&quot;:2,&quot;sellerId&quot;:null},{&quot;id&quot;:&quot;27105&quot;,&quot;code&quot;:&quot;R10F02SF01&quot;,&quot;slug&quot;:&quot;vins-rouges&quot;,&quot;label&quot;:&quot;Vins rouges&quot;,&quot;uri&quot;:&quot;boissons\/cave-a-vins\/vins-rouges&quot;,&quot;type&quot;:&quot;RAYON&quot;,&quot;level&quot;:3,&quot;sellerId&quot;:null},{&quot;id&quot;:&quot;27141&quot;,&quot;code&quot;:&quot;R10F02SF01SS01&quot;,&quot;slug&quot;:&quot;bordeaux&quot;,&quot;label&quot;:&quot;Bordeaux&quot;,&quot;uri&quot;:&quot;boissons\/cave-a-vins\/vins-rouges\/bordeaux&quot;,&quot;type&quot;:&quot;RAYON&quot;,&quot;level&quot;:4,&quot;sellerId&quot;:null}],&quot;topCategoryName&quot;:&quot;Boissons&quot;,&quot;images&quot;:[{&quot;largest&quot;:&quot;\/media\/1500x1500\/Photosite\/PGC\/BOISSONS\/3211203433220_PHOTOSITE_20201130_084729_0.jpg?placeholder=1&quot;,&quot;1500x1500&quot;:&quot;\/media\/1500x1500\/Photosite\/PGC\/BOISSONS\/3211203433220_PHOTOSITE_20201130_084729_0.jpg?placeholder=1&quot;,&quot;540x540&quot;:&quot;\/media\/540x540\/Photosite\/PGC\/BOISSONS\/3211203433220_PHOTOSITE_20201130_084729_0.jpg?placeholder=1&quot;,&quot;380x380&quot;:&quot;\/media\/380x380\/Photosite\/PGC\/BOISSONS\/3211203433220_PHOTOSITE_20201130_084729_0.jpg?placeholder=1&quot;,&quot;340x340&quot;:&quot;\/media\/340x340\/Photosite\/PGC\/BOISSONS\/3211203433220_PHOTOSITE_20201130_084729_0.jpg?placeholder=1&quot;,&quot;340x240&quot;:&quot;\/media\/340x240\/Photosite\/PGC\/BOISSONS\/3211203433220_PHOTOSITE_20201130_084729_0.jpg?placeholder=1&quot;,&quot;280x280&quot;:&quot;\/media\/280x280\/Photosite\/PGC\/BOISSONS\/3211203433220_PHOTOSITE_20201130_084729_0.jpg?placeholder=1&quot;,&quot;195x195&quot;:&quot;\/media\/195x195\/Photosite\/PGC\/BOISSONS\/3211203433220_PHOTOSITE_20201130_084729_0.jpg?placeholder=1&quot;,&quot;150x150&quot;:&quot;\/media\/150x150\/Photosite\/PGC\/BOISSONS\/3211203433220_PHOTOSITE_20201130_084729_0.jpg?placeholder=1&quot;,&quot;43x43&quot;:&quot;\/media\/43x43\/Photosite\/PGC\/BOISSONS\/3211203433220_PHOTOSITE_20201130_084729_0.jpg?placeholder=1&quot;}],&quot;promotion&quot;:null,&quot;isDonation&quot;:false,&quot;highlightLabel&quot;:null,&quot;seller&quot;:null,&quot;sellerId&quot;:null,&quot;marketplace&quot;:null,&quot;freshness&quot;:null,&quot;traceability&quot;:null,&quot;flags&quot;:[&quot;flag.common.aop&quot;],&quot;clubs&quot;:[],&quot;packaging&quot;:&quot;la bouteille de 75cL&quot;,&quot;origin&quot;:&quot;&quot;,&quot;format&quot;:&quot;75cL&quot;},&quot;relationships&quot;:{&quot;substitution&quot;:null},&quot;meta&quot;:{&quot;recommendation&quot;:null,&quot;cta&quot;:&quot;buy&quot;,&quot;features&quot;:{&quot;shoppingList&quot;:true,&quot;deletable&quot;:false,&quot;swap&quot;:false,&quot;feedback&quot;:false,&quot;freshness&quot;:true}},&quot;links&quot;:{&quot;self&quot;:&quot;\/p\/vin-rouge-bordeaux-baron-de-lestac-2016-3211203433220?t=27074&quot;}}"
  layout="vertical"
  :render-context="{&quot;zone&quot;:&quot;product-list&quot;,&quot;clickAndCollectEnable&quot;:true}"
  >
  <article class="ds-product-card ds-product-card--vertical">
  <div>
              <div class="ds-product-card--vertical-icons">
                <div
  class="add-to-shoppinglist"
  ean="3211203433220"
  is="add-to-shoppinglist"
></div>
      
        
      </div>
        <div class="ds-product-card--vertical-highlightlabel">
      
    </div>
    <div class="ds-product-card--vertical-infos">
      <div class="ds-product-card--vertical-text">
                
<a
  href="/p/vin-rouge-bordeaux-baron-de-lestac-2016-3211203433220?t=27074"
  title="Vin rouge Bordeaux BARON DE LESTAC 2016"
  rel=""
  target=""
  class="product-card-title product-card-title__reduced-line-clamp"
>
  

      

<h2 class="ds-title ds-title--s ds-title--medium">
  Vin rouge Bordeaux BARON DE LESTAC 2016
</h2>
</a>
      
                

    

<div class="ds-body-text ds-body-text--size-s ds-body-text--color-standard-3 product-card-packaging">
      la bouteille de 75cL
  </div>
      
                

    

<div class="ds-body-text ds-body-text--size-s ds-body-text--color-standard-3 product-card-per-unit-label">
      5.32 € / Litre
  </div>
      
      </div>
      <div class="ds-product-card--vertical-image">
                
<a
  href="/p/vin-rouge-bordeaux-baron-de-lestac-2016-3211203433220?t=27074"
  title="Vin rouge Bordeaux BARON DE LESTAC 2016"
  rel=""
  target=""
  class="product-card-image"
>
  <img
      src="/images/loader-dots.svg"        data-src="/media/280x280/Photosite/PGC/BOISSONS/3211203433220_PHOTOSITE_20201130_084729_0.jpg?placeholder=1"        alt="Vin rouge Bordeaux BARON DE LESTAC 2016"
  class="image image--hidden image--lazy product-card-image__image"
/>
</a>
      
      </div>
    </div>
          <div class="ds-product-card--vertical-badges">
                

  <ul class="product-badges-list" is="product-badges-list" :flags="[&quot;flag.common.aop&quot;]" :modifiers="[&quot;size-m&quot;]">
                            <li class="product-badges-list__item">
            

<a class="product-badge__link product-badge--flag-common-a product-badge--size-m" href="#flag.common.aop" data-flag-id="flag.common.aop">
  <picture class="product-badge__icon">
    <img
      src="/images/badges/flag-common-aop.svg"         alt="Appellation d&#039;origine protégée"
  class="image product-badge__icon__img"
/>
  </picture>
  <span class="product-badge__title">Appellation d&#039;origine protégée</span>
</a>
          </li>
                    </ul>
      
      </div>
        
    
  </div>
  <div>
    <div class="ds-product-card--vertical-promotion">
      
    </div>
    <div class="ds-product-card--vertical-flex">
              
    

    


<div class="product-card-price">
  <div class="product-card-price__price">
    

    

<span class="ds-title ds-title--m product-card-price__price--final">
  3,99€
</span>

      </div>
</div>
      
      <div class="ds-product-card--vertical-cta">
                  
<form
  is="add-to-cart"
  id="data-produit-acheter"
  class="add-to-cart"
  :product="{&quot;type&quot;:&quot;product&quot;,&quot;id&quot;:&quot;product-3211203433220&quot;,&quot;attributes&quot;:{&quot;ean&quot;:&quot;3211203433220&quot;,&quot;cdbase&quot;:&quot;2880017&quot;,&quot;title&quot;:&quot;Vin rouge Bordeaux BARON DE LESTAC 2016&quot;,&quot;brand&quot;:&quot;REFS.SANS MARQUE&quot;,&quot;slug&quot;:&quot;vin-rouge-bordeaux-baron-de-lestac-2016&quot;,&quot;availability&quot;:{&quot;indispensable&quot;:false,&quot;purchasable&quot;:true,&quot;stopped&quot;:false,&quot;suspended&quot;:false,&quot;suspensionReason&quot;:null,&quot;checkable&quot;:false,&quot;currentStoreOffer&quot;:null},&quot;price&quot;:{&quot;price&quot;:3.9900000000000002,&quot;unitOfMeasure&quot;:&quot;Litre&quot;,&quot;perUnitLabel&quot;:&quot;5.32 \u20ac \/ Litre&quot;,&quot;taxMessage&quot;:&quot;&quot;,&quot;perUnit&quot;:5.3200000000000003},&quot;ordering&quot;:{&quot;min&quot;:1,&quot;step&quot;:1,&quot;max&quot;:36},&quot;offerServiceId&quot;:&quot;0261-150-6&quot;,&quot;uri&quot;:&quot;boissons\/cave-a-vins\/vins-rouges\/bordeaux&quot;,&quot;categories&quot;:[{&quot;id&quot;:&quot;27070&quot;,&quot;code&quot;:&quot;R10&quot;,&quot;slug&quot;:&quot;boissons&quot;,&quot;label&quot;:&quot;Boissons&quot;,&quot;uri&quot;:&quot;boissons&quot;,&quot;type&quot;:&quot;RAYON&quot;,&quot;level&quot;:1,&quot;sellerId&quot;:null},{&quot;id&quot;:&quot;27074&quot;,&quot;code&quot;:&quot;R10F02&quot;,&quot;slug&quot;:&quot;cave-a-vins&quot;,&quot;label&quot;:&quot;Cave \u00e0 vins&quot;,&quot;uri&quot;:&quot;boissons\/cave-a-vins&quot;,&quot;type&quot;:&quot;RAYON&quot;,&quot;level&quot;:2,&quot;sellerId&quot;:null},{&quot;id&quot;:&quot;27105&quot;,&quot;code&quot;:&quot;R10F02SF01&quot;,&quot;slug&quot;:&quot;vins-rouges&quot;,&quot;label&quot;:&quot;Vins rouges&quot;,&quot;uri&quot;:&quot;boissons\/cave-a-vins\/vins-rouges&quot;,&quot;type&quot;:&quot;RAYON&quot;,&quot;level&quot;:3,&quot;sellerId&quot;:null},{&quot;id&quot;:&quot;27141&quot;,&quot;code&quot;:&quot;R10F02SF01SS01&quot;,&quot;slug&quot;:&quot;bordeaux&quot;,&quot;label&quot;:&quot;Bordeaux&quot;,&quot;uri&quot;:&quot;boissons\/cave-a-vins\/vins-rouges\/bordeaux&quot;,&quot;type&quot;:&quot;RAYON&quot;,&quot;level&quot;:4,&quot;sellerId&quot;:null}],&quot;topCategoryName&quot;:&quot;Boissons&quot;,&quot;images&quot;:[{&quot;largest&quot;:&quot;\/media\/1500x1500\/Photosite\/PGC\/BOISSONS\/3211203433220_PHOTOSITE_20201130_084729_0.jpg?placeholder=1&quot;,&quot;1500x1500&quot;:&quot;\/media\/1500x1500\/Photosite\/PGC\/BOISSONS\/3211203433220_PHOTOSITE_20201130_084729_0.jpg?placeholder=1&quot;,&quot;540x540&quot;:&quot;\/media\/540x540\/Photosite\/PGC\/BOISSONS\/3211203433220_PHOTOSITE_20201130_084729_0.jpg?placeholder=1&quot;,&quot;380x380&quot;:&quot;\/media\/380x380\/Photosite\/PGC\/BOISSONS\/3211203433220_PHOTOSITE_20201130_084729_0.jpg?placeholder=1&quot;,&quot;340x340&quot;:&quot;\/media\/340x340\/Photosite\/PGC\/BOISSONS\/3211203433220_PHOTOSITE_20201130_084729_0.jpg?placeholder=1&quot;,&quot;340x240&quot;:&quot;\/media\/340x240\/Photosite\/PGC\/BOISSONS\/3211203433220_PHOTOSITE_20201130_084729_0.jpg?placeholder=1&quot;,&quot;280x280&quot;:&quot;\/media\/280x280\/Photosite\/PGC\/BOISSONS\/3211203433220_PHOTOSITE_20201130_084729_0.jpg?placeholder=1&quot;,&quot;195x195&quot;:&quot;\/media\/195x195\/Photosite\/PGC\/BOISSONS\/3211203433220_PHOTOSITE_20201130_084729_0.jpg?placeholder=1&quot;,&quot;150x150&quot;:&quot;\/media\/150x150\/Photosite\/PGC\/BOISSONS\/3211203433220_PHOTOSITE_20201130_084729_0.jpg?placeholder=1&quot;,&quot;43x43&quot;:&quot;\/media\/43x43\/Photosite\/PGC\/BOISSONS\/3211203433220_PHOTOSITE_20201130_084729_0.jpg?placeholder=1&quot;}],&quot;promotion&quot;:null,&quot;isDonation&quot;:false,&quot;highlightLabel&quot;:null,&quot;seller&quot;:null,&quot;sellerId&quot;:null,&quot;marketplace&quot;:null,&quot;freshness&quot;:null,&quot;traceability&quot;:null,&quot;flags&quot;:[&quot;flag.common.aop&quot;],&quot;clubs&quot;:[],&quot;packaging&quot;:&quot;la bouteille de 75cL&quot;,&quot;origin&quot;:&quot;&quot;,&quot;format&quot;:&quot;75cL&quot;},&quot;relationships&quot;:{&quot;substitution&quot;:null},&quot;meta&quot;:{&quot;recommendation&quot;:null,&quot;cta&quot;:&quot;buy&quot;,&quot;features&quot;:{&quot;shoppingList&quot;:true,&quot;deletable&quot;:false,&quot;swap&quot;:false,&quot;feedback&quot;:false,&quot;freshness&quot;:true}},&quot;links&quot;:{&quot;self&quot;:&quot;\/p\/vin-rouge-bordeaux-baron-de-lestac-2016-3211203433220?t=27074&quot;}}"
  is-click-and-collect=""
  offer-service-id="0261-150-6"
  basket-service-id=""
  :render-context="{&quot;zone&quot;:&quot;product-list&quot;,&quot;clickAndCollectEnable&quot;:true}" >
  

<button
  class="pl-button pl-button--primary"
        
>
      <span class="pl-button__label">
                    </span>
  </button>
</form>

      
      </div>
    </div>
      </div>
</article>
</div>

                    </li>
            
                <li class="product-grid-item " >
    
                        


<div
  is="ds-product-card"
  class="ds-product-card__twigwrap"
  :index="8"
  :product="{&quot;type&quot;:&quot;product&quot;,&quot;id&quot;:&quot;product-3306380117978&quot;,&quot;attributes&quot;:{&quot;ean&quot;:&quot;3306380117978&quot;,&quot;cdbase&quot;:&quot;5382590&quot;,&quot;title&quot;:&quot;Vin Rouge Bordeaux Puisseguin Saint Emilion Merlot - Cabernet Franc  - Cabernet Sauvignon P DE PUISSEGUIN&quot;,&quot;brand&quot;:&quot;REFS.SANS MARQUE&quot;,&quot;slug&quot;:&quot;vin-rouge-bordeaux-puisseguin-saint-emilion-merlot-cabernet-franc-cabernet-sauvignon-p-de-puisseguin&quot;,&quot;availability&quot;:{&quot;indispensable&quot;:false,&quot;purchasable&quot;:true,&quot;stopped&quot;:false,&quot;suspended&quot;:false,&quot;suspensionReason&quot;:null,&quot;checkable&quot;:false,&quot;currentStoreOffer&quot;:null},&quot;price&quot;:{&quot;price&quot;:5.9500000000000002,&quot;unitOfMeasure&quot;:&quot;Litre&quot;,&quot;perUnitLabel&quot;:&quot;7.93 \u20ac \/ Litre&quot;,&quot;taxMessage&quot;:&quot;&quot;,&quot;perUnit&quot;:7.9299999999999997},&quot;ordering&quot;:{&quot;min&quot;:1,&quot;step&quot;:1,&quot;max&quot;:36},&quot;offerServiceId&quot;:&quot;0261-150-6&quot;,&quot;uri&quot;:&quot;boissons\/cave-a-vins\/vins-rouges\/bordeaux&quot;,&quot;categories&quot;:[{&quot;id&quot;:&quot;27070&quot;,&quot;code&quot;:&quot;R10&quot;,&quot;slug&quot;:&quot;boissons&quot;,&quot;label&quot;:&quot;Boissons&quot;,&quot;uri&quot;:&quot;boissons&quot;,&quot;type&quot;:&quot;RAYON&quot;,&quot;level&quot;:1,&quot;sellerId&quot;:null},{&quot;id&quot;:&quot;27074&quot;,&quot;code&quot;:&quot;R10F02&quot;,&quot;slug&quot;:&quot;cave-a-vins&quot;,&quot;label&quot;:&quot;Cave \u00e0 vins&quot;,&quot;uri&quot;:&quot;boissons\/cave-a-vins&quot;,&quot;type&quot;:&quot;RAYON&quot;,&quot;level&quot;:2,&quot;sellerId&quot;:null},{&quot;id&quot;:&quot;27105&quot;,&quot;code&quot;:&quot;R10F02SF01&quot;,&quot;slug&quot;:&quot;vins-rouges&quot;,&quot;label&quot;:&quot;Vins rouges&quot;,&quot;uri&quot;:&quot;boissons\/cave-a-vins\/vins-rouges&quot;,&quot;type&quot;:&quot;RAYON&quot;,&quot;level&quot;:3,&quot;sellerId&quot;:null},{&quot;id&quot;:&quot;27141&quot;,&quot;code&quot;:&quot;R10F02SF01SS01&quot;,&quot;slug&quot;:&quot;bordeaux&quot;,&quot;label&quot;:&quot;Bordeaux&quot;,&quot;uri&quot;:&quot;boissons\/cave-a-vins\/vins-rouges\/bordeaux&quot;,&quot;type&quot;:&quot;RAYON&quot;,&quot;level&quot;:4,&quot;sellerId&quot;:null}],&quot;topCategoryName&quot;:&quot;Boissons&quot;,&quot;images&quot;:[{&quot;largest&quot;:&quot;\/media\/1500x1500\/Photosite\/PGC\/BOISSONS\/3306380117978_PHOTOSITE_20200213_171255_0.jpg?placeholder=1&quot;,&quot;1500x1500&quot;:&quot;\/media\/1500x1500\/Photosite\/PGC\/BOISSONS\/3306380117978_PHOTOSITE_20200213_171255_0.jpg?placeholder=1&quot;,&quot;540x540&quot;:&quot;\/media\/540x540\/Photosite\/PGC\/BOISSONS\/3306380117978_PHOTOSITE_20200213_171255_0.jpg?placeholder=1&quot;,&quot;380x380&quot;:&quot;\/media\/380x380\/Photosite\/PGC\/BOISSONS\/3306380117978_PHOTOSITE_20200213_171255_0.jpg?placeholder=1&quot;,&quot;340x340&quot;:&quot;\/media\/340x340\/Photosite\/PGC\/BOISSONS\/3306380117978_PHOTOSITE_20200213_171255_0.jpg?placeholder=1&quot;,&quot;340x240&quot;:&quot;\/media\/340x240\/Photosite\/PGC\/BOISSONS\/3306380117978_PHOTOSITE_20200213_171255_0.jpg?placeholder=1&quot;,&quot;280x280&quot;:&quot;\/media\/280x280\/Photosite\/PGC\/BOISSONS\/3306380117978_PHOTOSITE_20200213_171255_0.jpg?placeholder=1&quot;,&quot;195x195&quot;:&quot;\/media\/195x195\/Photosite\/PGC\/BOISSONS\/3306380117978_PHOTOSITE_20200213_171255_0.jpg?placeholder=1&quot;,&quot;150x150&quot;:&quot;\/media\/150x150\/Photosite\/PGC\/BOISSONS\/3306380117978_PHOTOSITE_20200213_171255_0.jpg?placeholder=1&quot;,&quot;43x43&quot;:&quot;\/media\/43x43\/Photosite\/PGC\/BOISSONS\/3306380117978_PHOTOSITE_20200213_171255_0.jpg?placeholder=1&quot;}],&quot;promotion&quot;:null,&quot;isDonation&quot;:false,&quot;highlightLabel&quot;:null,&quot;seller&quot;:null,&quot;sellerId&quot;:null,&quot;marketplace&quot;:null,&quot;freshness&quot;:null,&quot;traceability&quot;:null,&quot;flags&quot;:[],&quot;clubs&quot;:[],&quot;packaging&quot;:&quot;la bouteille de 75cL&quot;,&quot;origin&quot;:&quot;&quot;,&quot;format&quot;:&quot;75cL&quot;},&quot;relationships&quot;:{&quot;substitution&quot;:null},&quot;meta&quot;:{&quot;recommendation&quot;:null,&quot;cta&quot;:&quot;buy&quot;,&quot;features&quot;:{&quot;shoppingList&quot;:true,&quot;deletable&quot;:false,&quot;swap&quot;:false,&quot;feedback&quot;:false,&quot;freshness&quot;:true}},&quot;links&quot;:{&quot;self&quot;:&quot;\/p\/vin-rouge-bordeaux-puisseguin-saint-emilion-merlot-cabernet-franc-cabernet-sauvignon-p-de-puisseguin-3306380117978?t=27074&quot;}}"
  layout="vertical"
  :render-context="{&quot;zone&quot;:&quot;product-list&quot;,&quot;clickAndCollectEnable&quot;:true}"
  >
  <article class="ds-product-card ds-product-card--vertical">
  <div>
              <div class="ds-product-card--vertical-icons">
                <div
  class="add-to-shoppinglist"
  ean="3306380117978"
  is="add-to-shoppinglist"
></div>
      
        
      </div>
        <div class="ds-product-card--vertical-highlightlabel">
      
    </div>
    <div class="ds-product-card--vertical-infos">
      <div class="ds-product-card--vertical-text">
                
<a
  href="/p/vin-rouge-bordeaux-puisseguin-saint-emilion-merlot-cabernet-franc-cabernet-sauvignon-p-de-puisseguin-3306380117978?t=27074"
  title="Vin Rouge Bordeaux Puisseguin Saint Emilion Merlot - Cabernet Franc  - Cabernet Sauvignon P DE PUISSEGUIN"
  rel=""
  target=""
  class="product-card-title product-card-title__reduced-line-clamp"
>
  

      

<h2 class="ds-title ds-title--s ds-title--medium">
  Vin Rouge Bordeaux Puisseguin Saint Emilion Merlot - Cabernet Franc  - Cabernet Sauvignon P DE PUISSEGUIN
</h2>
</a>
      
                

    

<div class="ds-body-text ds-body-text--size-s ds-body-text--color-standard-3 product-card-packaging">
      la bouteille de 75cL
  </div>
      
                

    

<div class="ds-body-text ds-body-text--size-s ds-body-text--color-standard-3 product-card-per-unit-label">
      7.93 € / Litre
  </div>
      
      </div>
      <div class="ds-product-card--vertical-image">
                
<a
  href="/p/vin-rouge-bordeaux-puisseguin-saint-emilion-merlot-cabernet-franc-cabernet-sauvignon-p-de-puisseguin-3306380117978?t=27074"
  title="Vin Rouge Bordeaux Puisseguin Saint Emilion Merlot - Cabernet Franc  - Cabernet Sauvignon P DE PUISSEGUIN"
  rel=""
  target=""
  class="product-card-image"
>
  <img
      src="/images/loader-dots.svg"        data-src="/media/280x280/Photosite/PGC/BOISSONS/3306380117978_PHOTOSITE_20200213_171255_0.jpg?placeholder=1"        alt="Vin Rouge Bordeaux Puisseguin Saint Emilion Merlot - Cabernet Franc  - Cabernet Sauvignon P DE PUISSEGUIN"
  class="image image--hidden image--lazy product-card-image__image"
/>
</a>
      
      </div>
    </div>
        
    
  </div>
  <div>
    <div class="ds-product-card--vertical-promotion">
      
    </div>
    <div class="ds-product-card--vertical-flex">
              
    

    


<div class="product-card-price">
  <div class="product-card-price__price">
    

    

<span class="ds-title ds-title--m product-card-price__price--final">
  5,95€
</span>

      </div>
</div>
      
      <div class="ds-product-card--vertical-cta">
                  
<form
  is="add-to-cart"
  id="data-produit-acheter"
  class="add-to-cart"
  :product="{&quot;type&quot;:&quot;product&quot;,&quot;id&quot;:&quot;product-3306380117978&quot;,&quot;attributes&quot;:{&quot;ean&quot;:&quot;3306380117978&quot;,&quot;cdbase&quot;:&quot;5382590&quot;,&quot;title&quot;:&quot;Vin Rouge Bordeaux Puisseguin Saint Emilion Merlot - Cabernet Franc  - Cabernet Sauvignon P DE PUISSEGUIN&quot;,&quot;brand&quot;:&quot;REFS.SANS MARQUE&quot;,&quot;slug&quot;:&quot;vin-rouge-bordeaux-puisseguin-saint-emilion-merlot-cabernet-franc-cabernet-sauvignon-p-de-puisseguin&quot;,&quot;availability&quot;:{&quot;indispensable&quot;:false,&quot;purchasable&quot;:true,&quot;stopped&quot;:false,&quot;suspended&quot;:false,&quot;suspensionReason&quot;:null,&quot;checkable&quot;:false,&quot;currentStoreOffer&quot;:null},&quot;price&quot;:{&quot;price&quot;:5.9500000000000002,&quot;unitOfMeasure&quot;:&quot;Litre&quot;,&quot;perUnitLabel&quot;:&quot;7.93 \u20ac \/ Litre&quot;,&quot;taxMessage&quot;:&quot;&quot;,&quot;perUnit&quot;:7.9299999999999997},&quot;ordering&quot;:{&quot;min&quot;:1,&quot;step&quot;:1,&quot;max&quot;:36},&quot;offerServiceId&quot;:&quot;0261-150-6&quot;,&quot;uri&quot;:&quot;boissons\/cave-a-vins\/vins-rouges\/bordeaux&quot;,&quot;categories&quot;:[{&quot;id&quot;:&quot;27070&quot;,&quot;code&quot;:&quot;R10&quot;,&quot;slug&quot;:&quot;boissons&quot;,&quot;label&quot;:&quot;Boissons&quot;,&quot;uri&quot;:&quot;boissons&quot;,&quot;type&quot;:&quot;RAYON&quot;,&quot;level&quot;:1,&quot;sellerId&quot;:null},{&quot;id&quot;:&quot;27074&quot;,&quot;code&quot;:&quot;R10F02&quot;,&quot;slug&quot;:&quot;cave-a-vins&quot;,&quot;label&quot;:&quot;Cave \u00e0 vins&quot;,&quot;uri&quot;:&quot;boissons\/cave-a-vins&quot;,&quot;type&quot;:&quot;RAYON&quot;,&quot;level&quot;:2,&quot;sellerId&quot;:null},{&quot;id&quot;:&quot;27105&quot;,&quot;code&quot;:&quot;R10F02SF01&quot;,&quot;slug&quot;:&quot;vins-rouges&quot;,&quot;label&quot;:&quot;Vins rouges&quot;,&quot;uri&quot;:&quot;boissons\/cave-a-vins\/vins-rouges&quot;,&quot;type&quot;:&quot;RAYON&quot;,&quot;level&quot;:3,&quot;sellerId&quot;:null},{&quot;id&quot;:&quot;27141&quot;,&quot;code&quot;:&quot;R10F02SF01SS01&quot;,&quot;slug&quot;:&quot;bordeaux&quot;,&quot;label&quot;:&quot;Bordeaux&quot;,&quot;uri&quot;:&quot;boissons\/cave-a-vins\/vins-rouges\/bordeaux&quot;,&quot;type&quot;:&quot;RAYON&quot;,&quot;level&quot;:4,&quot;sellerId&quot;:null}],&quot;topCategoryName&quot;:&quot;Boissons&quot;,&quot;images&quot;:[{&quot;largest&quot;:&quot;\/media\/1500x1500\/Photosite\/PGC\/BOISSONS\/3306380117978_PHOTOSITE_20200213_171255_0.jpg?placeholder=1&quot;,&quot;1500x1500&quot;:&quot;\/media\/1500x1500\/Photosite\/PGC\/BOISSONS\/3306380117978_PHOTOSITE_20200213_171255_0.jpg?placeholder=1&quot;,&quot;540x540&quot;:&quot;\/media\/540x540\/Photosite\/PGC\/BOISSONS\/3306380117978_PHOTOSITE_20200213_171255_0.jpg?placeholder=1&quot;,&quot;380x380&quot;:&quot;\/media\/380x380\/Photosite\/PGC\/BOISSONS\/3306380117978_PHOTOSITE_20200213_171255_0.jpg?placeholder=1&quot;,&quot;340x340&quot;:&quot;\/media\/340x340\/Photosite\/PGC\/BOISSONS\/3306380117978_PHOTOSITE_20200213_171255_0.jpg?placeholder=1&quot;,&quot;340x240&quot;:&quot;\/media\/340x240\/Photosite\/PGC\/BOISSONS\/3306380117978_PHOTOSITE_20200213_171255_0.jpg?placeholder=1&quot;,&quot;280x280&quot;:&quot;\/media\/280x280\/Photosite\/PGC\/BOISSONS\/3306380117978_PHOTOSITE_20200213_171255_0.jpg?placeholder=1&quot;,&quot;195x195&quot;:&quot;\/media\/195x195\/Photosite\/PGC\/BOISSONS\/3306380117978_PHOTOSITE_20200213_171255_0.jpg?placeholder=1&quot;,&quot;150x150&quot;:&quot;\/media\/150x150\/Photosite\/PGC\/BOISSONS\/3306380117978_PHOTOSITE_20200213_171255_0.jpg?placeholder=1&quot;,&quot;43x43&quot;:&quot;\/media\/43x43\/Photosite\/PGC\/BOISSONS\/3306380117978_PHOTOSITE_20200213_171255_0.jpg?placeholder=1&quot;}],&quot;promotion&quot;:null,&quot;isDonation&quot;:false,&quot;highlightLabel&quot;:null,&quot;seller&quot;:null,&quot;sellerId&quot;:null,&quot;marketplace&quot;:null,&quot;freshness&quot;:null,&quot;traceability&quot;:null,&quot;flags&quot;:[],&quot;clubs&quot;:[],&quot;packaging&quot;:&quot;la bouteille de 75cL&quot;,&quot;origin&quot;:&quot;&quot;,&quot;format&quot;:&quot;75cL&quot;},&quot;relationships&quot;:{&quot;substitution&quot;:null},&quot;meta&quot;:{&quot;recommendation&quot;:null,&quot;cta&quot;:&quot;buy&quot;,&quot;features&quot;:{&quot;shoppingList&quot;:true,&quot;deletable&quot;:false,&quot;swap&quot;:false,&quot;feedback&quot;:false,&quot;freshness&quot;:true}},&quot;links&quot;:{&quot;self&quot;:&quot;\/p\/vin-rouge-bordeaux-puisseguin-saint-emilion-merlot-cabernet-franc-cabernet-sauvignon-p-de-puisseguin-3306380117978?t=27074&quot;}}"
  is-click-and-collect=""
  offer-service-id="0261-150-6"
  basket-service-id=""
  :render-context="{&quot;zone&quot;:&quot;product-list&quot;,&quot;clickAndCollectEnable&quot;:true}" >
  

<button
  class="pl-button pl-button--primary"
        
>
      <span class="pl-button__label">
                    </span>
  </button>
</form>

      
      </div>
    </div>
      </div>
</article>
</div>

                    </li>
            
                <li class="product-grid-item " >
    
                        


<div
  is="ds-product-card"
  class="ds-product-card__twigwrap"
  :index="9"
  :product="{&quot;type&quot;:&quot;product&quot;,&quot;id&quot;:&quot;product-3245415707305&quot;,&quot;attributes&quot;:{&quot;ean&quot;:&quot;3245415707305&quot;,&quot;cdbase&quot;:&quot;6166861&quot;,&quot;title&quot;:&quot;Vin ros\u00e9 de Pays Ros\u00e9 des Coteaux d&#039;Enserune Syrah et Grenache L&#039;HERITAGE DE CARILLAN&quot;,&quot;brand&quot;:&quot;HDC&quot;,&quot;slug&quot;:&quot;vin-rose-de-pays-rose-des-coteaux-d-enserune-syrah-et-grenache-l-heritage-de-carillan&quot;,&quot;availability&quot;:{&quot;indispensable&quot;:false,&quot;purchasable&quot;:true,&quot;stopped&quot;:false,&quot;suspended&quot;:false,&quot;suspensionReason&quot;:null,&quot;checkable&quot;:false,&quot;currentStoreOffer&quot;:null},&quot;price&quot;:{&quot;price&quot;:7.9500000000000002,&quot;unitOfMeasure&quot;:&quot;Litre&quot;,&quot;perUnitLabel&quot;:&quot;2.65 \u20ac \/ Litre&quot;,&quot;taxMessage&quot;:&quot;&quot;,&quot;perUnit&quot;:2.6499999999999999},&quot;ordering&quot;:{&quot;min&quot;:1,&quot;step&quot;:1,&quot;max&quot;:36},&quot;offerServiceId&quot;:&quot;0261-150-6&quot;,&quot;uri&quot;:&quot;boissons\/cave-a-vins\/fontaines-vins&quot;,&quot;categories&quot;:[{&quot;id&quot;:&quot;27070&quot;,&quot;code&quot;:&quot;R10&quot;,&quot;slug&quot;:&quot;boissons&quot;,&quot;label&quot;:&quot;Boissons&quot;,&quot;uri&quot;:&quot;boissons&quot;,&quot;type&quot;:&quot;RAYON&quot;,&quot;level&quot;:1,&quot;sellerId&quot;:null},{&quot;id&quot;:&quot;27074&quot;,&quot;code&quot;:&quot;R10F02&quot;,&quot;slug&quot;:&quot;cave-a-vins&quot;,&quot;label&quot;:&quot;Cave \u00e0 vins&quot;,&quot;uri&quot;:&quot;boissons\/cave-a-vins&quot;,&quot;type&quot;:&quot;RAYON&quot;,&quot;level&quot;:2,&quot;sellerId&quot;:null},{&quot;id&quot;:&quot;27140&quot;,&quot;code&quot;:&quot;R10F02SF05&quot;,&quot;slug&quot;:&quot;fontaines-vins&quot;,&quot;label&quot;:&quot;Fontaines \u00e0 vins&quot;,&quot;uri&quot;:&quot;boissons\/cave-a-vins\/fontaines-vins&quot;,&quot;type&quot;:&quot;RAYON&quot;,&quot;level&quot;:3,&quot;sellerId&quot;:null}],&quot;topCategoryName&quot;:&quot;Boissons&quot;,&quot;images&quot;:[{&quot;largest&quot;:&quot;\/media\/1500x1500\/Photosite\/PGC\/BOISSONS\/3245415707305_PHOTOSITE_20180904_162656_0.jpg?placeholder=1&quot;,&quot;1500x1500&quot;:&quot;\/media\/1500x1500\/Photosite\/PGC\/BOISSONS\/3245415707305_PHOTOSITE_20180904_162656_0.jpg?placeholder=1&quot;,&quot;540x540&quot;:&quot;\/media\/540x540\/Photosite\/PGC\/BOISSONS\/3245415707305_PHOTOSITE_20180904_162656_0.jpg?placeholder=1&quot;,&quot;380x380&quot;:&quot;\/media\/380x380\/Photosite\/PGC\/BOISSONS\/3245415707305_PHOTOSITE_20180904_162656_0.jpg?placeholder=1&quot;,&quot;340x340&quot;:&quot;\/media\/340x340\/Photosite\/PGC\/BOISSONS\/3245415707305_PHOTOSITE_20180904_162656_0.jpg?placeholder=1&quot;,&quot;340x240&quot;:&quot;\/media\/340x240\/Photosite\/PGC\/BOISSONS\/3245415707305_PHOTOSITE_20180904_162656_0.jpg?placeholder=1&quot;,&quot;280x280&quot;:&quot;\/media\/280x280\/Photosite\/PGC\/BOISSONS\/3245415707305_PHOTOSITE_20180904_162656_0.jpg?placeholder=1&quot;,&quot;195x195&quot;:&quot;\/media\/195x195\/Photosite\/PGC\/BOISSONS\/3245415707305_PHOTOSITE_20180904_162656_0.jpg?placeholder=1&quot;,&quot;150x150&quot;:&quot;\/media\/150x150\/Photosite\/PGC\/BOISSONS\/3245415707305_PHOTOSITE_20180904_162656_0.jpg?placeholder=1&quot;,&quot;43x43&quot;:&quot;\/media\/43x43\/Photosite\/PGC\/BOISSONS\/3245415707305_PHOTOSITE_20180904_162656_0.jpg?placeholder=1&quot;}],&quot;promotion&quot;:null,&quot;isDonation&quot;:false,&quot;highlightLabel&quot;:null,&quot;seller&quot;:null,&quot;sellerId&quot;:null,&quot;marketplace&quot;:null,&quot;freshness&quot;:null,&quot;traceability&quot;:null,&quot;flags&quot;:[&quot;flag.common.igp&quot;],&quot;clubs&quot;:[],&quot;packaging&quot;:&quot;la fontaine de 3L&quot;,&quot;origin&quot;:&quot;&quot;,&quot;format&quot;:&quot;3L&quot;},&quot;relationships&quot;:{&quot;substitution&quot;:null},&quot;meta&quot;:{&quot;recommendation&quot;:null,&quot;cta&quot;:&quot;buy&quot;,&quot;features&quot;:{&quot;shoppingList&quot;:true,&quot;deletable&quot;:false,&quot;swap&quot;:false,&quot;feedback&quot;:false,&quot;freshness&quot;:true}},&quot;links&quot;:{&quot;self&quot;:&quot;\/p\/vin-rose-de-pays-rose-des-coteaux-d-enserune-syrah-et-grenache-l-heritage-de-carillan-3245415707305?t=27074&quot;}}"
  layout="vertical"
  :render-context="{&quot;zone&quot;:&quot;product-list&quot;,&quot;clickAndCollectEnable&quot;:true}"
  >
  <article class="ds-product-card ds-product-card--vertical">
  <div>
              <div class="ds-product-card--vertical-icons">
                <div
  class="add-to-shoppinglist"
  ean="3245415707305"
  is="add-to-shoppinglist"
></div>
      
        
      </div>
        <div class="ds-product-card--vertical-highlightlabel">
      
    </div>
    <div class="ds-product-card--vertical-infos">
      <div class="ds-product-card--vertical-text">
                
<a
  href="/p/vin-rose-de-pays-rose-des-coteaux-d-enserune-syrah-et-grenache-l-heritage-de-carillan-3245415707305?t=27074"
  title="Vin rosé de Pays Rosé des Coteaux d&#039;Enserune Syrah et Grenache L&#039;HERITAGE DE CARILLAN"
  rel=""
  target=""
  class="product-card-title product-card-title__reduced-line-clamp"
>
  

      

<h2 class="ds-title ds-title--s ds-title--medium">
  Vin rosé de Pays Rosé des Coteaux d&#039;Enserune Syrah et Grenache L&#039;HERITAGE DE CARILLAN
</h2>
</a>
      
                

    

<div class="ds-body-text ds-body-text--size-s ds-body-text--color-standard-3 product-card-packaging">
      la fontaine de 3L
  </div>
      
                

    

<div class="ds-body-text ds-body-text--size-s ds-body-text--color-standard-3 product-card-per-unit-label">
      2.65 € / Litre
  </div>
      
      </div>
      <div class="ds-product-card--vertical-image">
                
<a
  href="/p/vin-rose-de-pays-rose-des-coteaux-d-enserune-syrah-et-grenache-l-heritage-de-carillan-3245415707305?t=27074"
  title="Vin rosé de Pays Rosé des Coteaux d&#039;Enserune Syrah et Grenache L&#039;HERITAGE DE CARILLAN"
  rel=""
  target=""
  class="product-card-image"
>
  <img
      src="/images/loader-dots.svg"        data-src="/media/280x280/Photosite/PGC/BOISSONS/3245415707305_PHOTOSITE_20180904_162656_0.jpg?placeholder=1"        alt="Vin rosé de Pays Rosé des Coteaux d&#039;Enserune Syrah et Grenache L&#039;HERITAGE DE CARILLAN"
  class="image image--hidden image--lazy product-card-image__image"
/>
</a>
      
      </div>
    </div>
          <div class="ds-product-card--vertical-badges">
                

  <ul class="product-badges-list" is="product-badges-list" :flags="[&quot;flag.common.igp&quot;]" :modifiers="[&quot;size-m&quot;]">
                            <li class="product-badges-list__item">
            

<a class="product-badge__link product-badge--flag-common-i product-badge--size-m" href="#flag.common.igp" data-flag-id="flag.common.igp">
  <picture class="product-badge__icon">
    <img
      src="/images/badges/flag-common-igp.svg"         alt="Indication géographique protégée"
  class="image product-badge__icon__img"
/>
  </picture>
  <span class="product-badge__title">Indication géographique protégée</span>
</a>
          </li>
                    </ul>
      
      </div>
        
    
  </div>
  <div>
    <div class="ds-product-card--vertical-promotion">
      
    </div>
    <div class="ds-product-card--vertical-flex">
              
    

    


<div class="product-card-price">
  <div class="product-card-price__price">
    

    

<span class="ds-title ds-title--m product-card-price__price--final">
  7,95€
</span>

      </div>
</div>
      
      <div class="ds-product-card--vertical-cta">
                  
<form
  is="add-to-cart"
  id="data-produit-acheter"
  class="add-to-cart"
  :product="{&quot;type&quot;:&quot;product&quot;,&quot;id&quot;:&quot;product-3245415707305&quot;,&quot;attributes&quot;:{&quot;ean&quot;:&quot;3245415707305&quot;,&quot;cdbase&quot;:&quot;6166861&quot;,&quot;title&quot;:&quot;Vin ros\u00e9 de Pays Ros\u00e9 des Coteaux d&#039;Enserune Syrah et Grenache L&#039;HERITAGE DE CARILLAN&quot;,&quot;brand&quot;:&quot;HDC&quot;,&quot;slug&quot;:&quot;vin-rose-de-pays-rose-des-coteaux-d-enserune-syrah-et-grenache-l-heritage-de-carillan&quot;,&quot;availability&quot;:{&quot;indispensable&quot;:false,&quot;purchasable&quot;:true,&quot;stopped&quot;:false,&quot;suspended&quot;:false,&quot;suspensionReason&quot;:null,&quot;checkable&quot;:false,&quot;currentStoreOffer&quot;:null},&quot;price&quot;:{&quot;price&quot;:7.9500000000000002,&quot;unitOfMeasure&quot;:&quot;Litre&quot;,&quot;perUnitLabel&quot;:&quot;2.65 \u20ac \/ Litre&quot;,&quot;taxMessage&quot;:&quot;&quot;,&quot;perUnit&quot;:2.6499999999999999},&quot;ordering&quot;:{&quot;min&quot;:1,&quot;step&quot;:1,&quot;max&quot;:36},&quot;offerServiceId&quot;:&quot;0261-150-6&quot;,&quot;uri&quot;:&quot;boissons\/cave-a-vins\/fontaines-vins&quot;,&quot;categories&quot;:[{&quot;id&quot;:&quot;27070&quot;,&quot;code&quot;:&quot;R10&quot;,&quot;slug&quot;:&quot;boissons&quot;,&quot;label&quot;:&quot;Boissons&quot;,&quot;uri&quot;:&quot;boissons&quot;,&quot;type&quot;:&quot;RAYON&quot;,&quot;level&quot;:1,&quot;sellerId&quot;:null},{&quot;id&quot;:&quot;27074&quot;,&quot;code&quot;:&quot;R10F02&quot;,&quot;slug&quot;:&quot;cave-a-vins&quot;,&quot;label&quot;:&quot;Cave \u00e0 vins&quot;,&quot;uri&quot;:&quot;boissons\/cave-a-vins&quot;,&quot;type&quot;:&quot;RAYON&quot;,&quot;level&quot;:2,&quot;sellerId&quot;:null},{&quot;id&quot;:&quot;27140&quot;,&quot;code&quot;:&quot;R10F02SF05&quot;,&quot;slug&quot;:&quot;fontaines-vins&quot;,&quot;label&quot;:&quot;Fontaines \u00e0 vins&quot;,&quot;uri&quot;:&quot;boissons\/cave-a-vins\/fontaines-vins&quot;,&quot;type&quot;:&quot;RAYON&quot;,&quot;level&quot;:3,&quot;sellerId&quot;:null}],&quot;topCategoryName&quot;:&quot;Boissons&quot;,&quot;images&quot;:[{&quot;largest&quot;:&quot;\/media\/1500x1500\/Photosite\/PGC\/BOISSONS\/3245415707305_PHOTOSITE_20180904_162656_0.jpg?placeholder=1&quot;,&quot;1500x1500&quot;:&quot;\/media\/1500x1500\/Photosite\/PGC\/BOISSONS\/3245415707305_PHOTOSITE_20180904_162656_0.jpg?placeholder=1&quot;,&quot;540x540&quot;:&quot;\/media\/540x540\/Photosite\/PGC\/BOISSONS\/3245415707305_PHOTOSITE_20180904_162656_0.jpg?placeholder=1&quot;,&quot;380x380&quot;:&quot;\/media\/380x380\/Photosite\/PGC\/BOISSONS\/3245415707305_PHOTOSITE_20180904_162656_0.jpg?placeholder=1&quot;,&quot;340x340&quot;:&quot;\/media\/340x340\/Photosite\/PGC\/BOISSONS\/3245415707305_PHOTOSITE_20180904_162656_0.jpg?placeholder=1&quot;,&quot;340x240&quot;:&quot;\/media\/340x240\/Photosite\/PGC\/BOISSONS\/3245415707305_PHOTOSITE_20180904_162656_0.jpg?placeholder=1&quot;,&quot;280x280&quot;:&quot;\/media\/280x280\/Photosite\/PGC\/BOISSONS\/3245415707305_PHOTOSITE_20180904_162656_0.jpg?placeholder=1&quot;,&quot;195x195&quot;:&quot;\/media\/195x195\/Photosite\/PGC\/BOISSONS\/3245415707305_PHOTOSITE_20180904_162656_0.jpg?placeholder=1&quot;,&quot;150x150&quot;:&quot;\/media\/150x150\/Photosite\/PGC\/BOISSONS\/3245415707305_PHOTOSITE_20180904_162656_0.jpg?placeholder=1&quot;,&quot;43x43&quot;:&quot;\/media\/43x43\/Photosite\/PGC\/BOISSONS\/3245415707305_PHOTOSITE_20180904_162656_0.jpg?placeholder=1&quot;}],&quot;promotion&quot;:null,&quot;isDonation&quot;:false,&quot;highlightLabel&quot;:null,&quot;seller&quot;:null,&quot;sellerId&quot;:null,&quot;marketplace&quot;:null,&quot;freshness&quot;:null,&quot;traceability&quot;:null,&quot;flags&quot;:[&quot;flag.common.igp&quot;],&quot;clubs&quot;:[],&quot;packaging&quot;:&quot;la fontaine de 3L&quot;,&quot;origin&quot;:&quot;&quot;,&quot;format&quot;:&quot;3L&quot;},&quot;relationships&quot;:{&quot;substitution&quot;:null},&quot;meta&quot;:{&quot;recommendation&quot;:null,&quot;cta&quot;:&quot;buy&quot;,&quot;features&quot;:{&quot;shoppingList&quot;:true,&quot;deletable&quot;:false,&quot;swap&quot;:false,&quot;feedback&quot;:false,&quot;freshness&quot;:true}},&quot;links&quot;:{&quot;self&quot;:&quot;\/p\/vin-rose-de-pays-rose-des-coteaux-d-enserune-syrah-et-grenache-l-heritage-de-carillan-3245415707305?t=27074&quot;}}"
  is-click-and-collect=""
  offer-service-id="0261-150-6"
  basket-service-id=""
  :render-context="{&quot;zone&quot;:&quot;product-list&quot;,&quot;clickAndCollectEnable&quot;:true}" >
  

<button
  class="pl-button pl-button--primary"
        
>
      <span class="pl-button__label">
                    </span>
  </button>
</form>

      
      </div>
    </div>
      </div>
</article>
</div>

                    </li>
            
                <li class="product-grid-item " >
    
                        


<div
  is="ds-product-card"
  class="ds-product-card__twigwrap"
  :index="10"
  :product="{&quot;type&quot;:&quot;product&quot;,&quot;id&quot;:&quot;product-3660989068001&quot;,&quot;attributes&quot;:{&quot;ean&quot;:&quot;3660989068001&quot;,&quot;cdbase&quot;:&quot;3217479&quot;,&quot;title&quot;:&quot;Vin blanc vin de table Fin Bouquet &quot;,&quot;brand&quot;:&quot;FIN BOUQU&quot;,&quot;slug&quot;:&quot;vin-blanc-vin-de-table-fin-bouquet&quot;,&quot;availability&quot;:{&quot;indispensable&quot;:false,&quot;purchasable&quot;:true,&quot;stopped&quot;:false,&quot;suspended&quot;:false,&quot;suspensionReason&quot;:null,&quot;checkable&quot;:false,&quot;currentStoreOffer&quot;:null},&quot;price&quot;:{&quot;price&quot;:1.45,&quot;unitOfMeasure&quot;:&quot;Litre&quot;,&quot;perUnitLabel&quot;:&quot;1.93 \u20ac \/ Litre&quot;,&quot;taxMessage&quot;:&quot;&quot;,&quot;perUnit&quot;:1.9299999999999999},&quot;ordering&quot;:{&quot;min&quot;:1,&quot;step&quot;:1,&quot;max&quot;:36},&quot;offerServiceId&quot;:&quot;0261-150-6&quot;,&quot;uri&quot;:&quot;boissons\/cave-a-vins\/vins-blancs\/vins-de-pays-vins-de-table-blanc&quot;,&quot;categories&quot;:[{&quot;id&quot;:&quot;27070&quot;,&quot;code&quot;:&quot;R10&quot;,&quot;slug&quot;:&quot;boissons&quot;,&quot;label&quot;:&quot;Boissons&quot;,&quot;uri&quot;:&quot;boissons&quot;,&quot;type&quot;:&quot;RAYON&quot;,&quot;level&quot;:1,&quot;sellerId&quot;:null},{&quot;id&quot;:&quot;27074&quot;,&quot;code&quot;:&quot;R10F02&quot;,&quot;slug&quot;:&quot;cave-a-vins&quot;,&quot;label&quot;:&quot;Cave \u00e0 vins&quot;,&quot;uri&quot;:&quot;boissons\/cave-a-vins&quot;,&quot;type&quot;:&quot;RAYON&quot;,&quot;level&quot;:2,&quot;sellerId&quot;:null},{&quot;id&quot;:&quot;27106&quot;,&quot;code&quot;:&quot;R10F02SF02&quot;,&quot;slug&quot;:&quot;vins-blancs&quot;,&quot;label&quot;:&quot;Vins blancs&quot;,&quot;uri&quot;:&quot;boissons\/cave-a-vins\/vins-blancs&quot;,&quot;type&quot;:&quot;RAYON&quot;,&quot;level&quot;:3,&quot;sellerId&quot;:null},{&quot;id&quot;:&quot;27160&quot;,&quot;code&quot;:&quot;R10F02SF02SS10&quot;,&quot;slug&quot;:&quot;vins-de-pays-vins-de-table-blanc&quot;,&quot;label&quot;:&quot;Vins de pays et Vins de table blanc&quot;,&quot;uri&quot;:&quot;boissons\/cave-a-vins\/vins-blancs\/vins-de-pays-vins-de-table-blanc&quot;,&quot;type&quot;:&quot;RAYON&quot;,&quot;level&quot;:4,&quot;sellerId&quot;:null}],&quot;topCategoryName&quot;:&quot;Boissons&quot;,&quot;images&quot;:[{&quot;largest&quot;:&quot;\/media\/1500x1500\/Photosite\/PGC\/BOISSONS\/3660989068001_PHOTOSITE_20140327_175857_0.jpg?placeholder=1&quot;,&quot;1500x1500&quot;:&quot;\/media\/1500x1500\/Photosite\/PGC\/BOISSONS\/3660989068001_PHOTOSITE_20140327_175857_0.jpg?placeholder=1&quot;,&quot;540x540&quot;:&quot;\/media\/540x540\/Photosite\/PGC\/BOISSONS\/3660989068001_PHOTOSITE_20140327_175857_0.jpg?placeholder=1&quot;,&quot;380x380&quot;:&quot;\/media\/380x380\/Photosite\/PGC\/BOISSONS\/3660989068001_PHOTOSITE_20140327_175857_0.jpg?placeholder=1&quot;,&quot;340x340&quot;:&quot;\/media\/340x340\/Photosite\/PGC\/BOISSONS\/3660989068001_PHOTOSITE_20140327_175857_0.jpg?placeholder=1&quot;,&quot;340x240&quot;:&quot;\/media\/340x240\/Photosite\/PGC\/BOISSONS\/3660989068001_PHOTOSITE_20140327_175857_0.jpg?placeholder=1&quot;,&quot;280x280&quot;:&quot;\/media\/280x280\/Photosite\/PGC\/BOISSONS\/3660989068001_PHOTOSITE_20140327_175857_0.jpg?placeholder=1&quot;,&quot;195x195&quot;:&quot;\/media\/195x195\/Photosite\/PGC\/BOISSONS\/3660989068001_PHOTOSITE_20140327_175857_0.jpg?placeholder=1&quot;,&quot;150x150&quot;:&quot;\/media\/150x150\/Photosite\/PGC\/BOISSONS\/3660989068001_PHOTOSITE_20140327_175857_0.jpg?placeholder=1&quot;,&quot;43x43&quot;:&quot;\/media\/43x43\/Photosite\/PGC\/BOISSONS\/3660989068001_PHOTOSITE_20140327_175857_0.jpg?placeholder=1&quot;}],&quot;promotion&quot;:null,&quot;isDonation&quot;:false,&quot;highlightLabel&quot;:null,&quot;seller&quot;:null,&quot;sellerId&quot;:null,&quot;marketplace&quot;:null,&quot;freshness&quot;:null,&quot;traceability&quot;:null,&quot;flags&quot;:[],&quot;clubs&quot;:[],&quot;packaging&quot;:&quot;la bouteille de 75cL&quot;,&quot;origin&quot;:&quot;&quot;,&quot;format&quot;:&quot;75cL&quot;},&quot;relationships&quot;:{&quot;substitution&quot;:null},&quot;meta&quot;:{&quot;recommendation&quot;:null,&quot;cta&quot;:&quot;buy&quot;,&quot;features&quot;:{&quot;shoppingList&quot;:true,&quot;deletable&quot;:false,&quot;swap&quot;:false,&quot;feedback&quot;:false,&quot;freshness&quot;:true}},&quot;links&quot;:{&quot;self&quot;:&quot;\/p\/vin-blanc-vin-de-table-fin-bouquet-3660989068001?t=27074&quot;}}"
  layout="vertical"
  :render-context="{&quot;zone&quot;:&quot;product-list&quot;,&quot;clickAndCollectEnable&quot;:true}"
  >
  <article class="ds-product-card ds-product-card--vertical">
  <div>
              <div class="ds-product-card--vertical-icons">
                <div
  class="add-to-shoppinglist"
  ean="3660989068001"
  is="add-to-shoppinglist"
></div>
      
        
      </div>
        <div class="ds-product-card--vertical-highlightlabel">
      
    </div>
    <div class="ds-product-card--vertical-infos">
      <div class="ds-product-card--vertical-text">
                
<a
  href="/p/vin-blanc-vin-de-table-fin-bouquet-3660989068001?t=27074"
  title="Vin blanc vin de table Fin Bouquet "
  rel=""
  target=""
  class="product-card-title product-card-title__reduced-line-clamp"
>
  

      

<h2 class="ds-title ds-title--s ds-title--medium">
  Vin blanc vin de table Fin Bouquet 
</h2>
</a>
      
                

    

<div class="ds-body-text ds-body-text--size-s ds-body-text--color-standard-3 product-card-packaging">
      la bouteille de 75cL
  </div>
      
                

    

<div class="ds-body-text ds-body-text--size-s ds-body-text--color-standard-3 product-card-per-unit-label">
      1.93 € / Litre
  </div>
      
      </div>
      <div class="ds-product-card--vertical-image">
                
<a
  href="/p/vin-blanc-vin-de-table-fin-bouquet-3660989068001?t=27074"
  title="Vin blanc vin de table Fin Bouquet "
  rel=""
  target=""
  class="product-card-image"
>
  <img
      src="/images/loader-dots.svg"        data-src="/media/280x280/Photosite/PGC/BOISSONS/3660989068001_PHOTOSITE_20140327_175857_0.jpg?placeholder=1"        alt="Vin blanc vin de table Fin Bouquet "
  class="image image--hidden image--lazy product-card-image__image"
/>
</a>
      
      </div>
    </div>
        
    
  </div>
  <div>
    <div class="ds-product-card--vertical-promotion">
      
    </div>
    <div class="ds-product-card--vertical-flex">
              
    

    


<div class="product-card-price">
  <div class="product-card-price__price">
    

    

<span class="ds-title ds-title--m product-card-price__price--final">
  1,45€
</span>

      </div>
</div>
      
      <div class="ds-product-card--vertical-cta">
                  
<form
  is="add-to-cart"
  id="data-produit-acheter"
  class="add-to-cart"
  :product="{&quot;type&quot;:&quot;product&quot;,&quot;id&quot;:&quot;product-3660989068001&quot;,&quot;attributes&quot;:{&quot;ean&quot;:&quot;3660989068001&quot;,&quot;cdbase&quot;:&quot;3217479&quot;,&quot;title&quot;:&quot;Vin blanc vin de table Fin Bouquet &quot;,&quot;brand&quot;:&quot;FIN BOUQU&quot;,&quot;slug&quot;:&quot;vin-blanc-vin-de-table-fin-bouquet&quot;,&quot;availability&quot;:{&quot;indispensable&quot;:false,&quot;purchasable&quot;:true,&quot;stopped&quot;:false,&quot;suspended&quot;:false,&quot;suspensionReason&quot;:null,&quot;checkable&quot;:false,&quot;currentStoreOffer&quot;:null},&quot;price&quot;:{&quot;price&quot;:1.45,&quot;unitOfMeasure&quot;:&quot;Litre&quot;,&quot;perUnitLabel&quot;:&quot;1.93 \u20ac \/ Litre&quot;,&quot;taxMessage&quot;:&quot;&quot;,&quot;perUnit&quot;:1.9299999999999999},&quot;ordering&quot;:{&quot;min&quot;:1,&quot;step&quot;:1,&quot;max&quot;:36},&quot;offerServiceId&quot;:&quot;0261-150-6&quot;,&quot;uri&quot;:&quot;boissons\/cave-a-vins\/vins-blancs\/vins-de-pays-vins-de-table-blanc&quot;,&quot;categories&quot;:[{&quot;id&quot;:&quot;27070&quot;,&quot;code&quot;:&quot;R10&quot;,&quot;slug&quot;:&quot;boissons&quot;,&quot;label&quot;:&quot;Boissons&quot;,&quot;uri&quot;:&quot;boissons&quot;,&quot;type&quot;:&quot;RAYON&quot;,&quot;level&quot;:1,&quot;sellerId&quot;:null},{&quot;id&quot;:&quot;27074&quot;,&quot;code&quot;:&quot;R10F02&quot;,&quot;slug&quot;:&quot;cave-a-vins&quot;,&quot;label&quot;:&quot;Cave \u00e0 vins&quot;,&quot;uri&quot;:&quot;boissons\/cave-a-vins&quot;,&quot;type&quot;:&quot;RAYON&quot;,&quot;level&quot;:2,&quot;sellerId&quot;:null},{&quot;id&quot;:&quot;27106&quot;,&quot;code&quot;:&quot;R10F02SF02&quot;,&quot;slug&quot;:&quot;vins-blancs&quot;,&quot;label&quot;:&quot;Vins blancs&quot;,&quot;uri&quot;:&quot;boissons\/cave-a-vins\/vins-blancs&quot;,&quot;type&quot;:&quot;RAYON&quot;,&quot;level&quot;:3,&quot;sellerId&quot;:null},{&quot;id&quot;:&quot;27160&quot;,&quot;code&quot;:&quot;R10F02SF02SS10&quot;,&quot;slug&quot;:&quot;vins-de-pays-vins-de-table-blanc&quot;,&quot;label&quot;:&quot;Vins de pays et Vins de table blanc&quot;,&quot;uri&quot;:&quot;boissons\/cave-a-vins\/vins-blancs\/vins-de-pays-vins-de-table-blanc&quot;,&quot;type&quot;:&quot;RAYON&quot;,&quot;level&quot;:4,&quot;sellerId&quot;:null}],&quot;topCategoryName&quot;:&quot;Boissons&quot;,&quot;images&quot;:[{&quot;largest&quot;:&quot;\/media\/1500x1500\/Photosite\/PGC\/BOISSONS\/3660989068001_PHOTOSITE_20140327_175857_0.jpg?placeholder=1&quot;,&quot;1500x1500&quot;:&quot;\/media\/1500x1500\/Photosite\/PGC\/BOISSONS\/3660989068001_PHOTOSITE_20140327_175857_0.jpg?placeholder=1&quot;,&quot;540x540&quot;:&quot;\/media\/540x540\/Photosite\/PGC\/BOISSONS\/3660989068001_PHOTOSITE_20140327_175857_0.jpg?placeholder=1&quot;,&quot;380x380&quot;:&quot;\/media\/380x380\/Photosite\/PGC\/BOISSONS\/3660989068001_PHOTOSITE_20140327_175857_0.jpg?placeholder=1&quot;,&quot;340x340&quot;:&quot;\/media\/340x340\/Photosite\/PGC\/BOISSONS\/3660989068001_PHOTOSITE_20140327_175857_0.jpg?placeholder=1&quot;,&quot;340x240&quot;:&quot;\/media\/340x240\/Photosite\/PGC\/BOISSONS\/3660989068001_PHOTOSITE_20140327_175857_0.jpg?placeholder=1&quot;,&quot;280x280&quot;:&quot;\/media\/280x280\/Photosite\/PGC\/BOISSONS\/3660989068001_PHOTOSITE_20140327_175857_0.jpg?placeholder=1&quot;,&quot;195x195&quot;:&quot;\/media\/195x195\/Photosite\/PGC\/BOISSONS\/3660989068001_PHOTOSITE_20140327_175857_0.jpg?placeholder=1&quot;,&quot;150x150&quot;:&quot;\/media\/150x150\/Photosite\/PGC\/BOISSONS\/3660989068001_PHOTOSITE_20140327_175857_0.jpg?placeholder=1&quot;,&quot;43x43&quot;:&quot;\/media\/43x43\/Photosite\/PGC\/BOISSONS\/3660989068001_PHOTOSITE_20140327_175857_0.jpg?placeholder=1&quot;}],&quot;promotion&quot;:null,&quot;isDonation&quot;:false,&quot;highlightLabel&quot;:null,&quot;seller&quot;:null,&quot;sellerId&quot;:null,&quot;marketplace&quot;:null,&quot;freshness&quot;:null,&quot;traceability&quot;:null,&quot;flags&quot;:[],&quot;clubs&quot;:[],&quot;packaging&quot;:&quot;la bouteille de 75cL&quot;,&quot;origin&quot;:&quot;&quot;,&quot;format&quot;:&quot;75cL&quot;},&quot;relationships&quot;:{&quot;substitution&quot;:null},&quot;meta&quot;:{&quot;recommendation&quot;:null,&quot;cta&quot;:&quot;buy&quot;,&quot;features&quot;:{&quot;shoppingList&quot;:true,&quot;deletable&quot;:false,&quot;swap&quot;:false,&quot;feedback&quot;:false,&quot;freshness&quot;:true}},&quot;links&quot;:{&quot;self&quot;:&quot;\/p\/vin-blanc-vin-de-table-fin-bouquet-3660989068001?t=27074&quot;}}"
  is-click-and-collect=""
  offer-service-id="0261-150-6"
  basket-service-id=""
  :render-context="{&quot;zone&quot;:&quot;product-list&quot;,&quot;clickAndCollectEnable&quot;:true}" >
  

<button
  class="pl-button pl-button--primary"
        
>
      <span class="pl-button__label">
                    </span>
  </button>
</form>

      
      </div>
    </div>
      </div>
</article>
</div>

                    </li>
            
                <li class="product-grid-item " >
    
                        


<div
  is="ds-product-card"
  class="ds-product-card__twigwrap"
  :index="11"
  :product="{&quot;type&quot;:&quot;product&quot;,&quot;id&quot;:&quot;product-3523680231023&quot;,&quot;attributes&quot;:{&quot;ean&quot;:&quot;3523680231023&quot;,&quot;cdbase&quot;:&quot;3380425&quot;,&quot;title&quot;:&quot;Vin Ros\u00e9 Provence \/ Corse I.G.P. \u00cele de Beaut\u00e9 RESERVE DE PADULONE&quot;,&quot;brand&quot;:&quot;PADULONE&quot;,&quot;slug&quot;:&quot;vin-rose-provence-corse-i-g-p-ile-de-beaute-reserve-de-padulone&quot;,&quot;availability&quot;:{&quot;indispensable&quot;:false,&quot;purchasable&quot;:true,&quot;stopped&quot;:false,&quot;suspended&quot;:false,&quot;suspensionReason&quot;:null,&quot;checkable&quot;:false,&quot;currentStoreOffer&quot;:null},&quot;price&quot;:{&quot;price&quot;:3.7999999999999998,&quot;unitOfMeasure&quot;:&quot;Litre&quot;,&quot;perUnitLabel&quot;:&quot;5.07 \u20ac \/ Litre&quot;,&quot;taxMessage&quot;:&quot;&quot;,&quot;perUnit&quot;:5.0700000000000003},&quot;ordering&quot;:{&quot;min&quot;:1,&quot;step&quot;:1,&quot;max&quot;:20},&quot;offerServiceId&quot;:&quot;0261-150-6&quot;,&quot;uri&quot;:&quot;boissons\/cave-a-vins\/vins-roses\/vins-de-pays-vins-de-table-rose&quot;,&quot;categories&quot;:[{&quot;id&quot;:&quot;27070&quot;,&quot;code&quot;:&quot;R10&quot;,&quot;slug&quot;:&quot;boissons&quot;,&quot;label&quot;:&quot;Boissons&quot;,&quot;uri&quot;:&quot;boissons&quot;,&quot;type&quot;:&quot;RAYON&quot;,&quot;level&quot;:1,&quot;sellerId&quot;:null},{&quot;id&quot;:&quot;27074&quot;,&quot;code&quot;:&quot;R10F02&quot;,&quot;slug&quot;:&quot;cave-a-vins&quot;,&quot;label&quot;:&quot;Cave \u00e0 vins&quot;,&quot;uri&quot;:&quot;boissons\/cave-a-vins&quot;,&quot;type&quot;:&quot;RAYON&quot;,&quot;level&quot;:2,&quot;sellerId&quot;:null},{&quot;id&quot;:&quot;27107&quot;,&quot;code&quot;:&quot;R10F02SF03&quot;,&quot;slug&quot;:&quot;vins-roses&quot;,&quot;label&quot;:&quot;Vins ros\u00e9s&quot;,&quot;uri&quot;:&quot;boissons\/cave-a-vins\/vins-roses&quot;,&quot;type&quot;:&quot;RAYON&quot;,&quot;level&quot;:3,&quot;sellerId&quot;:null},{&quot;id&quot;:&quot;27165&quot;,&quot;code&quot;:&quot;R10F02SF03SS06&quot;,&quot;slug&quot;:&quot;vins-de-pays-vins-de-table-rose&quot;,&quot;label&quot;:&quot;Vins de pays et Vins de table ros\u00e9&quot;,&quot;uri&quot;:&quot;boissons\/cave-a-vins\/vins-roses\/vins-de-pays-vins-de-table-rose&quot;,&quot;type&quot;:&quot;RAYON&quot;,&quot;level&quot;:4,&quot;sellerId&quot;:null}],&quot;topCategoryName&quot;:&quot;Boissons&quot;,&quot;images&quot;:[{&quot;largest&quot;:&quot;\/media\/1500x1500\/Photosite\/PGC\/BOISSONS\/3523680231023_PHOTOSITE_20200710_054807_0.jpg?placeholder=1&quot;,&quot;1500x1500&quot;:&quot;\/media\/1500x1500\/Photosite\/PGC\/BOISSONS\/3523680231023_PHOTOSITE_20200710_054807_0.jpg?placeholder=1&quot;,&quot;540x540&quot;:&quot;\/media\/540x540\/Photosite\/PGC\/BOISSONS\/3523680231023_PHOTOSITE_20200710_054807_0.jpg?placeholder=1&quot;,&quot;380x380&quot;:&quot;\/media\/380x380\/Photosite\/PGC\/BOISSONS\/3523680231023_PHOTOSITE_20200710_054807_0.jpg?placeholder=1&quot;,&quot;340x340&quot;:&quot;\/media\/340x340\/Photosite\/PGC\/BOISSONS\/3523680231023_PHOTOSITE_20200710_054807_0.jpg?placeholder=1&quot;,&quot;340x240&quot;:&quot;\/media\/340x240\/Photosite\/PGC\/BOISSONS\/3523680231023_PHOTOSITE_20200710_054807_0.jpg?placeholder=1&quot;,&quot;280x280&quot;:&quot;\/media\/280x280\/Photosite\/PGC\/BOISSONS\/3523680231023_PHOTOSITE_20200710_054807_0.jpg?placeholder=1&quot;,&quot;195x195&quot;:&quot;\/media\/195x195\/Photosite\/PGC\/BOISSONS\/3523680231023_PHOTOSITE_20200710_054807_0.jpg?placeholder=1&quot;,&quot;150x150&quot;:&quot;\/media\/150x150\/Photosite\/PGC\/BOISSONS\/3523680231023_PHOTOSITE_20200710_054807_0.jpg?placeholder=1&quot;,&quot;43x43&quot;:&quot;\/media\/43x43\/Photosite\/PGC\/BOISSONS\/3523680231023_PHOTOSITE_20200710_054807_0.jpg?placeholder=1&quot;}],&quot;promotion&quot;:null,&quot;isDonation&quot;:false,&quot;highlightLabel&quot;:null,&quot;seller&quot;:null,&quot;sellerId&quot;:null,&quot;marketplace&quot;:null,&quot;freshness&quot;:null,&quot;traceability&quot;:null,&quot;flags&quot;:[&quot;flag.common.igp&quot;],&quot;clubs&quot;:[],&quot;packaging&quot;:&quot;la bouteille de 75cL&quot;,&quot;origin&quot;:&quot;&quot;,&quot;format&quot;:&quot;75cL&quot;},&quot;relationships&quot;:{&quot;substitution&quot;:null},&quot;meta&quot;:{&quot;recommendation&quot;:null,&quot;cta&quot;:&quot;buy&quot;,&quot;features&quot;:{&quot;shoppingList&quot;:true,&quot;deletable&quot;:false,&quot;swap&quot;:false,&quot;feedback&quot;:false,&quot;freshness&quot;:true}},&quot;links&quot;:{&quot;self&quot;:&quot;\/p\/vin-rose-provence-corse-i-g-p-ile-de-beaute-reserve-de-padulone-3523680231023?t=27074&quot;}}"
  layout="vertical"
  :render-context="{&quot;zone&quot;:&quot;product-list&quot;,&quot;clickAndCollectEnable&quot;:true}"
  >
  <article class="ds-product-card ds-product-card--vertical">
  <div>
              <div class="ds-product-card--vertical-icons">
                <div
  class="add-to-shoppinglist"
  ean="3523680231023"
  is="add-to-shoppinglist"
></div>
      
        
      </div>
        <div class="ds-product-card--vertical-highlightlabel">
      
    </div>
    <div class="ds-product-card--vertical-infos">
      <div class="ds-product-card--vertical-text">
                
<a
  href="/p/vin-rose-provence-corse-i-g-p-ile-de-beaute-reserve-de-padulone-3523680231023?t=27074"
  title="Vin Rosé Provence / Corse I.G.P. Île de Beauté RESERVE DE PADULONE"
  rel=""
  target=""
  class="product-card-title product-card-title__reduced-line-clamp"
>
  

      

<h2 class="ds-title ds-title--s ds-title--medium">
  Vin Rosé Provence / Corse I.G.P. Île de Beauté RESERVE DE PADULONE
</h2>
</a>
      
                

    

<div class="ds-body-text ds-body-text--size-s ds-body-text--color-standard-3 product-card-packaging">
      la bouteille de 75cL
  </div>
      
                

    

<div class="ds-body-text ds-body-text--size-s ds-body-text--color-standard-3 product-card-per-unit-label">
      5.07 € / Litre
  </div>
      
      </div>
      <div class="ds-product-card--vertical-image">
                
<a
  href="/p/vin-rose-provence-corse-i-g-p-ile-de-beaute-reserve-de-padulone-3523680231023?t=27074"
  title="Vin Rosé Provence / Corse I.G.P. Île de Beauté RESERVE DE PADULONE"
  rel=""
  target=""
  class="product-card-image"
>
  <img
      src="/images/loader-dots.svg"        data-src="/media/280x280/Photosite/PGC/BOISSONS/3523680231023_PHOTOSITE_20200710_054807_0.jpg?placeholder=1"        alt="Vin Rosé Provence / Corse I.G.P. Île de Beauté RESERVE DE PADULONE"
  class="image image--hidden image--lazy product-card-image__image"
/>
</a>
      
      </div>
    </div>
          <div class="ds-product-card--vertical-badges">
                

  <ul class="product-badges-list" is="product-badges-list" :flags="[&quot;flag.common.igp&quot;]" :modifiers="[&quot;size-m&quot;]">
                            <li class="product-badges-list__item">
            

<a class="product-badge__link product-badge--flag-common-i product-badge--size-m" href="#flag.common.igp" data-flag-id="flag.common.igp">
  <picture class="product-badge__icon">
    <img
      src="/images/badges/flag-common-igp.svg"         alt="Indication géographique protégée"
  class="image product-badge__icon__img"
/>
  </picture>
  <span class="product-badge__title">Indication géographique protégée</span>
</a>
          </li>
                    </ul>
      
      </div>
        
    
  </div>
  <div>
    <div class="ds-product-card--vertical-promotion">
      
    </div>
    <div class="ds-product-card--vertical-flex">
              
    

    


<div class="product-card-price">
  <div class="product-card-price__price">
    

    

<span class="ds-title ds-title--m product-card-price__price--final">
  3,80€
</span>

      </div>
</div>
      
      <div class="ds-product-card--vertical-cta">
                  
<form
  is="add-to-cart"
  id="data-produit-acheter"
  class="add-to-cart"
  :product="{&quot;type&quot;:&quot;product&quot;,&quot;id&quot;:&quot;product-3523680231023&quot;,&quot;attributes&quot;:{&quot;ean&quot;:&quot;3523680231023&quot;,&quot;cdbase&quot;:&quot;3380425&quot;,&quot;title&quot;:&quot;Vin Ros\u00e9 Provence \/ Corse I.G.P. \u00cele de Beaut\u00e9 RESERVE DE PADULONE&quot;,&quot;brand&quot;:&quot;PADULONE&quot;,&quot;slug&quot;:&quot;vin-rose-provence-corse-i-g-p-ile-de-beaute-reserve-de-padulone&quot;,&quot;availability&quot;:{&quot;indispensable&quot;:false,&quot;purchasable&quot;:true,&quot;stopped&quot;:false,&quot;suspended&quot;:false,&quot;suspensionReason&quot;:null,&quot;checkable&quot;:false,&quot;currentStoreOffer&quot;:null},&quot;price&quot;:{&quot;price&quot;:3.7999999999999998,&quot;unitOfMeasure&quot;:&quot;Litre&quot;,&quot;perUnitLabel&quot;:&quot;5.07 \u20ac \/ Litre&quot;,&quot;taxMessage&quot;:&quot;&quot;,&quot;perUnit&quot;:5.0700000000000003},&quot;ordering&quot;:{&quot;min&quot;:1,&quot;step&quot;:1,&quot;max&quot;:20},&quot;offerServiceId&quot;:&quot;0261-150-6&quot;,&quot;uri&quot;:&quot;boissons\/cave-a-vins\/vins-roses\/vins-de-pays-vins-de-table-rose&quot;,&quot;categories&quot;:[{&quot;id&quot;:&quot;27070&quot;,&quot;code&quot;:&quot;R10&quot;,&quot;slug&quot;:&quot;boissons&quot;,&quot;label&quot;:&quot;Boissons&quot;,&quot;uri&quot;:&quot;boissons&quot;,&quot;type&quot;:&quot;RAYON&quot;,&quot;level&quot;:1,&quot;sellerId&quot;:null},{&quot;id&quot;:&quot;27074&quot;,&quot;code&quot;:&quot;R10F02&quot;,&quot;slug&quot;:&quot;cave-a-vins&quot;,&quot;label&quot;:&quot;Cave \u00e0 vins&quot;,&quot;uri&quot;:&quot;boissons\/cave-a-vins&quot;,&quot;type&quot;:&quot;RAYON&quot;,&quot;level&quot;:2,&quot;sellerId&quot;:null},{&quot;id&quot;:&quot;27107&quot;,&quot;code&quot;:&quot;R10F02SF03&quot;,&quot;slug&quot;:&quot;vins-roses&quot;,&quot;label&quot;:&quot;Vins ros\u00e9s&quot;,&quot;uri&quot;:&quot;boissons\/cave-a-vins\/vins-roses&quot;,&quot;type&quot;:&quot;RAYON&quot;,&quot;level&quot;:3,&quot;sellerId&quot;:null},{&quot;id&quot;:&quot;27165&quot;,&quot;code&quot;:&quot;R10F02SF03SS06&quot;,&quot;slug&quot;:&quot;vins-de-pays-vins-de-table-rose&quot;,&quot;label&quot;:&quot;Vins de pays et Vins de table ros\u00e9&quot;,&quot;uri&quot;:&quot;boissons\/cave-a-vins\/vins-roses\/vins-de-pays-vins-de-table-rose&quot;,&quot;type&quot;:&quot;RAYON&quot;,&quot;level&quot;:4,&quot;sellerId&quot;:null}],&quot;topCategoryName&quot;:&quot;Boissons&quot;,&quot;images&quot;:[{&quot;largest&quot;:&quot;\/media\/1500x1500\/Photosite\/PGC\/BOISSONS\/3523680231023_PHOTOSITE_20200710_054807_0.jpg?placeholder=1&quot;,&quot;1500x1500&quot;:&quot;\/media\/1500x1500\/Photosite\/PGC\/BOISSONS\/3523680231023_PHOTOSITE_20200710_054807_0.jpg?placeholder=1&quot;,&quot;540x540&quot;:&quot;\/media\/540x540\/Photosite\/PGC\/BOISSONS\/3523680231023_PHOTOSITE_20200710_054807_0.jpg?placeholder=1&quot;,&quot;380x380&quot;:&quot;\/media\/380x380\/Photosite\/PGC\/BOISSONS\/3523680231023_PHOTOSITE_20200710_054807_0.jpg?placeholder=1&quot;,&quot;340x340&quot;:&quot;\/media\/340x340\/Photosite\/PGC\/BOISSONS\/3523680231023_PHOTOSITE_20200710_054807_0.jpg?placeholder=1&quot;,&quot;340x240&quot;:&quot;\/media\/340x240\/Photosite\/PGC\/BOISSONS\/3523680231023_PHOTOSITE_20200710_054807_0.jpg?placeholder=1&quot;,&quot;280x280&quot;:&quot;\/media\/280x280\/Photosite\/PGC\/BOISSONS\/3523680231023_PHOTOSITE_20200710_054807_0.jpg?placeholder=1&quot;,&quot;195x195&quot;:&quot;\/media\/195x195\/Photosite\/PGC\/BOISSONS\/3523680231023_PHOTOSITE_20200710_054807_0.jpg?placeholder=1&quot;,&quot;150x150&quot;:&quot;\/media\/150x150\/Photosite\/PGC\/BOISSONS\/3523680231023_PHOTOSITE_20200710_054807_0.jpg?placeholder=1&quot;,&quot;43x43&quot;:&quot;\/media\/43x43\/Photosite\/PGC\/BOISSONS\/3523680231023_PHOTOSITE_20200710_054807_0.jpg?placeholder=1&quot;}],&quot;promotion&quot;:null,&quot;isDonation&quot;:false,&quot;highlightLabel&quot;:null,&quot;seller&quot;:null,&quot;sellerId&quot;:null,&quot;marketplace&quot;:null,&quot;freshness&quot;:null,&quot;traceability&quot;:null,&quot;flags&quot;:[&quot;flag.common.igp&quot;],&quot;clubs&quot;:[],&quot;packaging&quot;:&quot;la bouteille de 75cL&quot;,&quot;origin&quot;:&quot;&quot;,&quot;format&quot;:&quot;75cL&quot;},&quot;relationships&quot;:{&quot;substitution&quot;:null},&quot;meta&quot;:{&quot;recommendation&quot;:null,&quot;cta&quot;:&quot;buy&quot;,&quot;features&quot;:{&quot;shoppingList&quot;:true,&quot;deletable&quot;:false,&quot;swap&quot;:false,&quot;feedback&quot;:false,&quot;freshness&quot;:true}},&quot;links&quot;:{&quot;self&quot;:&quot;\/p\/vin-rose-provence-corse-i-g-p-ile-de-beaute-reserve-de-padulone-3523680231023?t=27074&quot;}}"
  is-click-and-collect=""
  offer-service-id="0261-150-6"
  basket-service-id=""
  :render-context="{&quot;zone&quot;:&quot;product-list&quot;,&quot;clickAndCollectEnable&quot;:true}" >
  

<button
  class="pl-button pl-button--primary"
        
>
      <span class="pl-button__label">
                    </span>
  </button>
</form>

      
      </div>
    </div>
      </div>
</article>
</div>

                    </li>
            
                <li class="product-grid-item " >
    
                        


<div
  is="ds-product-card"
  class="ds-product-card__twigwrap"
  :index="12"
  :product="{&quot;type&quot;:&quot;product&quot;,&quot;id&quot;:&quot;product-3021891004011&quot;,&quot;attributes&quot;:{&quot;ean&quot;:&quot;3021891004011&quot;,&quot;cdbase&quot;:&quot;6565604&quot;,&quot;title&quot;:&quot;Vin blanc de France RIBAUDOUR&quot;,&quot;brand&quot;:&quot;REFS.SANS MARQUE&quot;,&quot;slug&quot;:&quot;vin-blanc-de-france-ribaudour&quot;,&quot;availability&quot;:{&quot;indispensable&quot;:false,&quot;purchasable&quot;:true,&quot;stopped&quot;:false,&quot;suspended&quot;:false,&quot;suspensionReason&quot;:null,&quot;checkable&quot;:false,&quot;currentStoreOffer&quot;:null},&quot;price&quot;:{&quot;price&quot;:2.1499999999999999,&quot;unitOfMeasure&quot;:&quot;Litre&quot;,&quot;perUnitLabel&quot;:&quot;2.87 \u20ac \/ Litre&quot;,&quot;taxMessage&quot;:&quot;&quot;,&quot;perUnit&quot;:2.8700000000000001},&quot;ordering&quot;:{&quot;min&quot;:1,&quot;step&quot;:1,&quot;max&quot;:36},&quot;offerServiceId&quot;:&quot;0261-150-6&quot;,&quot;uri&quot;:&quot;boissons\/cave-a-vins\/vins-blancs\/vins-de-pays-vins-de-table-blanc&quot;,&quot;categories&quot;:[{&quot;id&quot;:&quot;27070&quot;,&quot;code&quot;:&quot;R10&quot;,&quot;slug&quot;:&quot;boissons&quot;,&quot;label&quot;:&quot;Boissons&quot;,&quot;uri&quot;:&quot;boissons&quot;,&quot;type&quot;:&quot;RAYON&quot;,&quot;level&quot;:1,&quot;sellerId&quot;:null},{&quot;id&quot;:&quot;27074&quot;,&quot;code&quot;:&quot;R10F02&quot;,&quot;slug&quot;:&quot;cave-a-vins&quot;,&quot;label&quot;:&quot;Cave \u00e0 vins&quot;,&quot;uri&quot;:&quot;boissons\/cave-a-vins&quot;,&quot;type&quot;:&quot;RAYON&quot;,&quot;level&quot;:2,&quot;sellerId&quot;:null},{&quot;id&quot;:&quot;27106&quot;,&quot;code&quot;:&quot;R10F02SF02&quot;,&quot;slug&quot;:&quot;vins-blancs&quot;,&quot;label&quot;:&quot;Vins blancs&quot;,&quot;uri&quot;:&quot;boissons\/cave-a-vins\/vins-blancs&quot;,&quot;type&quot;:&quot;RAYON&quot;,&quot;level&quot;:3,&quot;sellerId&quot;:null},{&quot;id&quot;:&quot;27160&quot;,&quot;code&quot;:&quot;R10F02SF02SS10&quot;,&quot;slug&quot;:&quot;vins-de-pays-vins-de-table-blanc&quot;,&quot;label&quot;:&quot;Vins de pays et Vins de table blanc&quot;,&quot;uri&quot;:&quot;boissons\/cave-a-vins\/vins-blancs\/vins-de-pays-vins-de-table-blanc&quot;,&quot;type&quot;:&quot;RAYON&quot;,&quot;level&quot;:4,&quot;sellerId&quot;:null}],&quot;topCategoryName&quot;:&quot;Boissons&quot;,&quot;images&quot;:[{&quot;largest&quot;:&quot;\/media\/1500x1500\/Photosite\/PGC\/BOISSONS\/3021891004011_PHOTOSITE_20180717_162306_0.jpg?placeholder=1&quot;,&quot;1500x1500&quot;:&quot;\/media\/1500x1500\/Photosite\/PGC\/BOISSONS\/3021891004011_PHOTOSITE_20180717_162306_0.jpg?placeholder=1&quot;,&quot;540x540&quot;:&quot;\/media\/540x540\/Photosite\/PGC\/BOISSONS\/3021891004011_PHOTOSITE_20180717_162306_0.jpg?placeholder=1&quot;,&quot;380x380&quot;:&quot;\/media\/380x380\/Photosite\/PGC\/BOISSONS\/3021891004011_PHOTOSITE_20180717_162306_0.jpg?placeholder=1&quot;,&quot;340x340&quot;:&quot;\/media\/340x340\/Photosite\/PGC\/BOISSONS\/3021891004011_PHOTOSITE_20180717_162306_0.jpg?placeholder=1&quot;,&quot;340x240&quot;:&quot;\/media\/340x240\/Photosite\/PGC\/BOISSONS\/3021891004011_PHOTOSITE_20180717_162306_0.jpg?placeholder=1&quot;,&quot;280x280&quot;:&quot;\/media\/280x280\/Photosite\/PGC\/BOISSONS\/3021891004011_PHOTOSITE_20180717_162306_0.jpg?placeholder=1&quot;,&quot;195x195&quot;:&quot;\/media\/195x195\/Photosite\/PGC\/BOISSONS\/3021891004011_PHOTOSITE_20180717_162306_0.jpg?placeholder=1&quot;,&quot;150x150&quot;:&quot;\/media\/150x150\/Photosite\/PGC\/BOISSONS\/3021891004011_PHOTOSITE_20180717_162306_0.jpg?placeholder=1&quot;,&quot;43x43&quot;:&quot;\/media\/43x43\/Photosite\/PGC\/BOISSONS\/3021891004011_PHOTOSITE_20180717_162306_0.jpg?placeholder=1&quot;},{&quot;largest&quot;:&quot;\/media\/1500x1500\/Photosite\/PGC\/BOISSONS\/3021891004011_PHOTOSITE_20180717_162306_7.jpg?placeholder=1&quot;,&quot;1500x1500&quot;:&quot;\/media\/1500x1500\/Photosite\/PGC\/BOISSONS\/3021891004011_PHOTOSITE_20180717_162306_7.jpg?placeholder=1&quot;,&quot;540x540&quot;:&quot;\/media\/540x540\/Photosite\/PGC\/BOISSONS\/3021891004011_PHOTOSITE_20180717_162306_7.jpg?placeholder=1&quot;,&quot;380x380&quot;:&quot;\/media\/380x380\/Photosite\/PGC\/BOISSONS\/3021891004011_PHOTOSITE_20180717_162306_7.jpg?placeholder=1&quot;,&quot;340x340&quot;:&quot;\/media\/340x340\/Photosite\/PGC\/BOISSONS\/3021891004011_PHOTOSITE_20180717_162306_7.jpg?placeholder=1&quot;,&quot;340x240&quot;:&quot;\/media\/340x240\/Photosite\/PGC\/BOISSONS\/3021891004011_PHOTOSITE_20180717_162306_7.jpg?placeholder=1&quot;,&quot;280x280&quot;:&quot;\/media\/280x280\/Photosite\/PGC\/BOISSONS\/3021891004011_PHOTOSITE_20180717_162306_7.jpg?placeholder=1&quot;,&quot;195x195&quot;:&quot;\/media\/195x195\/Photosite\/PGC\/BOISSONS\/3021891004011_PHOTOSITE_20180717_162306_7.jpg?placeholder=1&quot;,&quot;150x150&quot;:&quot;\/media\/150x150\/Photosite\/PGC\/BOISSONS\/3021891004011_PHOTOSITE_20180717_162306_7.jpg?placeholder=1&quot;,&quot;43x43&quot;:&quot;\/media\/43x43\/Photosite\/PGC\/BOISSONS\/3021891004011_PHOTOSITE_20180717_162306_7.jpg?placeholder=1&quot;}],&quot;promotion&quot;:null,&quot;isDonation&quot;:false,&quot;highlightLabel&quot;:null,&quot;seller&quot;:null,&quot;sellerId&quot;:null,&quot;marketplace&quot;:null,&quot;freshness&quot;:null,&quot;traceability&quot;:null,&quot;flags&quot;:[],&quot;clubs&quot;:[],&quot;packaging&quot;:&quot;les 3 briquettes de 25cL&quot;,&quot;origin&quot;:&quot;&quot;,&quot;format&quot;:&quot;3x25cL&quot;},&quot;relationships&quot;:{&quot;substitution&quot;:null},&quot;meta&quot;:{&quot;recommendation&quot;:null,&quot;cta&quot;:&quot;buy&quot;,&quot;features&quot;:{&quot;shoppingList&quot;:true,&quot;deletable&quot;:false,&quot;swap&quot;:false,&quot;feedback&quot;:false,&quot;freshness&quot;:true}},&quot;links&quot;:{&quot;self&quot;:&quot;\/p\/vin-blanc-de-france-ribaudour-3021891004011?t=27074&quot;}}"
  layout="vertical"
  :render-context="{&quot;zone&quot;:&quot;product-list&quot;,&quot;clickAndCollectEnable&quot;:true}"
  >
  <article class="ds-product-card ds-product-card--vertical">
  <div>
              <div class="ds-product-card--vertical-icons">
                <div
  class="add-to-shoppinglist"
  ean="3021891004011"
  is="add-to-shoppinglist"
></div>
      
        
      </div>
        <div class="ds-product-card--vertical-highlightlabel">
      
    </div>
    <div class="ds-product-card--vertical-infos">
      <div class="ds-product-card--vertical-text">
                
<a
  href="/p/vin-blanc-de-france-ribaudour-3021891004011?t=27074"
  title="Vin blanc de France RIBAUDOUR"
  rel=""
  target=""
  class="product-card-title product-card-title__reduced-line-clamp"
>
  

      

<h2 class="ds-title ds-title--s ds-title--medium">
  Vin blanc de France RIBAUDOUR
</h2>
</a>
      
                

    

<div class="ds-body-text ds-body-text--size-s ds-body-text--color-standard-3 product-card-packaging">
      les 3 briquettes de 25cL
  </div>
      
                

    

<div class="ds-body-text ds-body-text--size-s ds-body-text--color-standard-3 product-card-per-unit-label">
      2.87 € / Litre
  </div>
      
      </div>
      <div class="ds-product-card--vertical-image">
                
<a
  href="/p/vin-blanc-de-france-ribaudour-3021891004011?t=27074"
  title="Vin blanc de France RIBAUDOUR"
  rel=""
  target=""
  class="product-card-image"
>
  <img
      src="/images/loader-dots.svg"        data-src="/media/280x280/Photosite/PGC/BOISSONS/3021891004011_PHOTOSITE_20180717_162306_0.jpg?placeholder=1"        alt="Vin blanc de France RIBAUDOUR"
  class="image image--hidden image--lazy product-card-image__image"
/>
</a>
      
      </div>
    </div>
        
    
  </div>
  <div>
    <div class="ds-product-card--vertical-promotion">
      
    </div>
    <div class="ds-product-card--vertical-flex">
              
    

    


<div class="product-card-price">
  <div class="product-card-price__price">
    

    

<span class="ds-title ds-title--m product-card-price__price--final">
  2,15€
</span>

      </div>
</div>
      
      <div class="ds-product-card--vertical-cta">
                  
<form
  is="add-to-cart"
  id="data-produit-acheter"
  class="add-to-cart"
  :product="{&quot;type&quot;:&quot;product&quot;,&quot;id&quot;:&quot;product-3021891004011&quot;,&quot;attributes&quot;:{&quot;ean&quot;:&quot;3021891004011&quot;,&quot;cdbase&quot;:&quot;6565604&quot;,&quot;title&quot;:&quot;Vin blanc de France RIBAUDOUR&quot;,&quot;brand&quot;:&quot;REFS.SANS MARQUE&quot;,&quot;slug&quot;:&quot;vin-blanc-de-france-ribaudour&quot;,&quot;availability&quot;:{&quot;indispensable&quot;:false,&quot;purchasable&quot;:true,&quot;stopped&quot;:false,&quot;suspended&quot;:false,&quot;suspensionReason&quot;:null,&quot;checkable&quot;:false,&quot;currentStoreOffer&quot;:null},&quot;price&quot;:{&quot;price&quot;:2.1499999999999999,&quot;unitOfMeasure&quot;:&quot;Litre&quot;,&quot;perUnitLabel&quot;:&quot;2.87 \u20ac \/ Litre&quot;,&quot;taxMessage&quot;:&quot;&quot;,&quot;perUnit&quot;:2.8700000000000001},&quot;ordering&quot;:{&quot;min&quot;:1,&quot;step&quot;:1,&quot;max&quot;:36},&quot;offerServiceId&quot;:&quot;0261-150-6&quot;,&quot;uri&quot;:&quot;boissons\/cave-a-vins\/vins-blancs\/vins-de-pays-vins-de-table-blanc&quot;,&quot;categories&quot;:[{&quot;id&quot;:&quot;27070&quot;,&quot;code&quot;:&quot;R10&quot;,&quot;slug&quot;:&quot;boissons&quot;,&quot;label&quot;:&quot;Boissons&quot;,&quot;uri&quot;:&quot;boissons&quot;,&quot;type&quot;:&quot;RAYON&quot;,&quot;level&quot;:1,&quot;sellerId&quot;:null},{&quot;id&quot;:&quot;27074&quot;,&quot;code&quot;:&quot;R10F02&quot;,&quot;slug&quot;:&quot;cave-a-vins&quot;,&quot;label&quot;:&quot;Cave \u00e0 vins&quot;,&quot;uri&quot;:&quot;boissons\/cave-a-vins&quot;,&quot;type&quot;:&quot;RAYON&quot;,&quot;level&quot;:2,&quot;sellerId&quot;:null},{&quot;id&quot;:&quot;27106&quot;,&quot;code&quot;:&quot;R10F02SF02&quot;,&quot;slug&quot;:&quot;vins-blancs&quot;,&quot;label&quot;:&quot;Vins blancs&quot;,&quot;uri&quot;:&quot;boissons\/cave-a-vins\/vins-blancs&quot;,&quot;type&quot;:&quot;RAYON&quot;,&quot;level&quot;:3,&quot;sellerId&quot;:null},{&quot;id&quot;:&quot;27160&quot;,&quot;code&quot;:&quot;R10F02SF02SS10&quot;,&quot;slug&quot;:&quot;vins-de-pays-vins-de-table-blanc&quot;,&quot;label&quot;:&quot;Vins de pays et Vins de table blanc&quot;,&quot;uri&quot;:&quot;boissons\/cave-a-vins\/vins-blancs\/vins-de-pays-vins-de-table-blanc&quot;,&quot;type&quot;:&quot;RAYON&quot;,&quot;level&quot;:4,&quot;sellerId&quot;:null}],&quot;topCategoryName&quot;:&quot;Boissons&quot;,&quot;images&quot;:[{&quot;largest&quot;:&quot;\/media\/1500x1500\/Photosite\/PGC\/BOISSONS\/3021891004011_PHOTOSITE_20180717_162306_0.jpg?placeholder=1&quot;,&quot;1500x1500&quot;:&quot;\/media\/1500x1500\/Photosite\/PGC\/BOISSONS\/3021891004011_PHOTOSITE_20180717_162306_0.jpg?placeholder=1&quot;,&quot;540x540&quot;:&quot;\/media\/540x540\/Photosite\/PGC\/BOISSONS\/3021891004011_PHOTOSITE_20180717_162306_0.jpg?placeholder=1&quot;,&quot;380x380&quot;:&quot;\/media\/380x380\/Photosite\/PGC\/BOISSONS\/3021891004011_PHOTOSITE_20180717_162306_0.jpg?placeholder=1&quot;,&quot;340x340&quot;:&quot;\/media\/340x340\/Photosite\/PGC\/BOISSONS\/3021891004011_PHOTOSITE_20180717_162306_0.jpg?placeholder=1&quot;,&quot;340x240&quot;:&quot;\/media\/340x240\/Photosite\/PGC\/BOISSONS\/3021891004011_PHOTOSITE_20180717_162306_0.jpg?placeholder=1&quot;,&quot;280x280&quot;:&quot;\/media\/280x280\/Photosite\/PGC\/BOISSONS\/3021891004011_PHOTOSITE_20180717_162306_0.jpg?placeholder=1&quot;,&quot;195x195&quot;:&quot;\/media\/195x195\/Photosite\/PGC\/BOISSONS\/3021891004011_PHOTOSITE_20180717_162306_0.jpg?placeholder=1&quot;,&quot;150x150&quot;:&quot;\/media\/150x150\/Photosite\/PGC\/BOISSONS\/3021891004011_PHOTOSITE_20180717_162306_0.jpg?placeholder=1&quot;,&quot;43x43&quot;:&quot;\/media\/43x43\/Photosite\/PGC\/BOISSONS\/3021891004011_PHOTOSITE_20180717_162306_0.jpg?placeholder=1&quot;},{&quot;largest&quot;:&quot;\/media\/1500x1500\/Photosite\/PGC\/BOISSONS\/3021891004011_PHOTOSITE_20180717_162306_7.jpg?placeholder=1&quot;,&quot;1500x1500&quot;:&quot;\/media\/1500x1500\/Photosite\/PGC\/BOISSONS\/3021891004011_PHOTOSITE_20180717_162306_7.jpg?placeholder=1&quot;,&quot;540x540&quot;:&quot;\/media\/540x540\/Photosite\/PGC\/BOISSONS\/3021891004011_PHOTOSITE_20180717_162306_7.jpg?placeholder=1&quot;,&quot;380x380&quot;:&quot;\/media\/380x380\/Photosite\/PGC\/BOISSONS\/3021891004011_PHOTOSITE_20180717_162306_7.jpg?placeholder=1&quot;,&quot;340x340&quot;:&quot;\/media\/340x340\/Photosite\/PGC\/BOISSONS\/3021891004011_PHOTOSITE_20180717_162306_7.jpg?placeholder=1&quot;,&quot;340x240&quot;:&quot;\/media\/340x240\/Photosite\/PGC\/BOISSONS\/3021891004011_PHOTOSITE_20180717_162306_7.jpg?placeholder=1&quot;,&quot;280x280&quot;:&quot;\/media\/280x280\/Photosite\/PGC\/BOISSONS\/3021891004011_PHOTOSITE_20180717_162306_7.jpg?placeholder=1&quot;,&quot;195x195&quot;:&quot;\/media\/195x195\/Photosite\/PGC\/BOISSONS\/3021891004011_PHOTOSITE_20180717_162306_7.jpg?placeholder=1&quot;,&quot;150x150&quot;:&quot;\/media\/150x150\/Photosite\/PGC\/BOISSONS\/3021891004011_PHOTOSITE_20180717_162306_7.jpg?placeholder=1&quot;,&quot;43x43&quot;:&quot;\/media\/43x43\/Photosite\/PGC\/BOISSONS\/3021891004011_PHOTOSITE_20180717_162306_7.jpg?placeholder=1&quot;}],&quot;promotion&quot;:null,&quot;isDonation&quot;:false,&quot;highlightLabel&quot;:null,&quot;seller&quot;:null,&quot;sellerId&quot;:null,&quot;marketplace&quot;:null,&quot;freshness&quot;:null,&quot;traceability&quot;:null,&quot;flags&quot;:[],&quot;clubs&quot;:[],&quot;packaging&quot;:&quot;les 3 briquettes de 25cL&quot;,&quot;origin&quot;:&quot;&quot;,&quot;format&quot;:&quot;3x25cL&quot;},&quot;relationships&quot;:{&quot;substitution&quot;:null},&quot;meta&quot;:{&quot;recommendation&quot;:null,&quot;cta&quot;:&quot;buy&quot;,&quot;features&quot;:{&quot;shoppingList&quot;:true,&quot;deletable&quot;:false,&quot;swap&quot;:false,&quot;feedback&quot;:false,&quot;freshness&quot;:true}},&quot;links&quot;:{&quot;self&quot;:&quot;\/p\/vin-blanc-de-france-ribaudour-3021891004011?t=27074&quot;}}"
  is-click-and-collect=""
  offer-service-id="0261-150-6"
  basket-service-id=""
  :render-context="{&quot;zone&quot;:&quot;product-list&quot;,&quot;clickAndCollectEnable&quot;:true}" >
  

<button
  class="pl-button pl-button--primary"
        
>
      <span class="pl-button__label">
                    </span>
  </button>
</form>

      
      </div>
    </div>
      </div>
</article>
</div>

                    </li>
            
                <li class="product-grid-item " >
    
                        


<div
  is="ds-product-card"
  class="ds-product-card__twigwrap"
  :index="13"
  :product="{&quot;type&quot;:&quot;product&quot;,&quot;id&quot;:&quot;product-3271923133015&quot;,&quot;attributes&quot;:{&quot;ean&quot;:&quot;3271923133015&quot;,&quot;cdbase&quot;:&quot;2365648&quot;,&quot;title&quot;:&quot;Vin rouge Rasteau cru des C\u00f4tes du Rh\u00f4ne  ORTAS &quot;,&quot;brand&quot;:&quot;REFS.SANS MARQUE&quot;,&quot;slug&quot;:&quot;vin-rouge-rasteau-cru-des-cotes-du-rhone-ortas&quot;,&quot;availability&quot;:{&quot;indispensable&quot;:false,&quot;purchasable&quot;:true,&quot;stopped&quot;:false,&quot;suspended&quot;:false,&quot;suspensionReason&quot;:null,&quot;checkable&quot;:false,&quot;currentStoreOffer&quot;:null},&quot;price&quot;:{&quot;price&quot;:6.5499999999999998,&quot;unitOfMeasure&quot;:&quot;Litre&quot;,&quot;perUnitLabel&quot;:&quot;8.73 \u20ac \/ Litre&quot;,&quot;taxMessage&quot;:&quot;&quot;,&quot;perUnit&quot;:8.7300000000000004},&quot;ordering&quot;:{&quot;min&quot;:1,&quot;step&quot;:1,&quot;max&quot;:36},&quot;offerServiceId&quot;:&quot;0261-150-6&quot;,&quot;uri&quot;:&quot;boissons\/cave-a-vins\/vins-rouges\/vallee-du-rhone&quot;,&quot;categories&quot;:[{&quot;id&quot;:&quot;27070&quot;,&quot;code&quot;:&quot;R10&quot;,&quot;slug&quot;:&quot;boissons&quot;,&quot;label&quot;:&quot;Boissons&quot;,&quot;uri&quot;:&quot;boissons&quot;,&quot;type&quot;:&quot;RAYON&quot;,&quot;level&quot;:1,&quot;sellerId&quot;:null},{&quot;id&quot;:&quot;27074&quot;,&quot;code&quot;:&quot;R10F02&quot;,&quot;slug&quot;:&quot;cave-a-vins&quot;,&quot;label&quot;:&quot;Cave \u00e0 vins&quot;,&quot;uri&quot;:&quot;boissons\/cave-a-vins&quot;,&quot;type&quot;:&quot;RAYON&quot;,&quot;level&quot;:2,&quot;sellerId&quot;:null},{&quot;id&quot;:&quot;27105&quot;,&quot;code&quot;:&quot;R10F02SF01&quot;,&quot;slug&quot;:&quot;vins-rouges&quot;,&quot;label&quot;:&quot;Vins rouges&quot;,&quot;uri&quot;:&quot;boissons\/cave-a-vins\/vins-rouges&quot;,&quot;type&quot;:&quot;RAYON&quot;,&quot;level&quot;:3,&quot;sellerId&quot;:null},{&quot;id&quot;:&quot;27142&quot;,&quot;code&quot;:&quot;R10F02SF01SS02&quot;,&quot;slug&quot;:&quot;vallee-du-rhone&quot;,&quot;label&quot;:&quot;Vall\u00e9e du Rh\u00f4ne&quot;,&quot;uri&quot;:&quot;boissons\/cave-a-vins\/vins-rouges\/vallee-du-rhone&quot;,&quot;type&quot;:&quot;RAYON&quot;,&quot;level&quot;:4,&quot;sellerId&quot;:null}],&quot;topCategoryName&quot;:&quot;Boissons&quot;,&quot;images&quot;:[{&quot;largest&quot;:&quot;\/media\/1500x1500\/Photosite\/PGC\/BOISSONS\/3271923133015_PHOTOSITE_20200924_053358_0.jpg?placeholder=1&quot;,&quot;1500x1500&quot;:&quot;\/media\/1500x1500\/Photosite\/PGC\/BOISSONS\/3271923133015_PHOTOSITE_20200924_053358_0.jpg?placeholder=1&quot;,&quot;540x540&quot;:&quot;\/media\/540x540\/Photosite\/PGC\/BOISSONS\/3271923133015_PHOTOSITE_20200924_053358_0.jpg?placeholder=1&quot;,&quot;380x380&quot;:&quot;\/media\/380x380\/Photosite\/PGC\/BOISSONS\/3271923133015_PHOTOSITE_20200924_053358_0.jpg?placeholder=1&quot;,&quot;340x340&quot;:&quot;\/media\/340x340\/Photosite\/PGC\/BOISSONS\/3271923133015_PHOTOSITE_20200924_053358_0.jpg?placeholder=1&quot;,&quot;340x240&quot;:&quot;\/media\/340x240\/Photosite\/PGC\/BOISSONS\/3271923133015_PHOTOSITE_20200924_053358_0.jpg?placeholder=1&quot;,&quot;280x280&quot;:&quot;\/media\/280x280\/Photosite\/PGC\/BOISSONS\/3271923133015_PHOTOSITE_20200924_053358_0.jpg?placeholder=1&quot;,&quot;195x195&quot;:&quot;\/media\/195x195\/Photosite\/PGC\/BOISSONS\/3271923133015_PHOTOSITE_20200924_053358_0.jpg?placeholder=1&quot;,&quot;150x150&quot;:&quot;\/media\/150x150\/Photosite\/PGC\/BOISSONS\/3271923133015_PHOTOSITE_20200924_053358_0.jpg?placeholder=1&quot;,&quot;43x43&quot;:&quot;\/media\/43x43\/Photosite\/PGC\/BOISSONS\/3271923133015_PHOTOSITE_20200924_053358_0.jpg?placeholder=1&quot;}],&quot;promotion&quot;:null,&quot;isDonation&quot;:false,&quot;highlightLabel&quot;:null,&quot;seller&quot;:null,&quot;sellerId&quot;:null,&quot;marketplace&quot;:null,&quot;freshness&quot;:null,&quot;traceability&quot;:null,&quot;flags&quot;:[],&quot;clubs&quot;:[],&quot;packaging&quot;:&quot;la bouteille de 75cL&quot;,&quot;origin&quot;:&quot;&quot;,&quot;format&quot;:&quot;75cL&quot;},&quot;relationships&quot;:{&quot;substitution&quot;:null},&quot;meta&quot;:{&quot;recommendation&quot;:null,&quot;cta&quot;:&quot;buy&quot;,&quot;features&quot;:{&quot;shoppingList&quot;:true,&quot;deletable&quot;:false,&quot;swap&quot;:false,&quot;feedback&quot;:false,&quot;freshness&quot;:true}},&quot;links&quot;:{&quot;self&quot;:&quot;\/p\/vin-rouge-rasteau-cru-des-cotes-du-rhone-ortas-3271923133015?t=27074&quot;}}"
  layout="vertical"
  :render-context="{&quot;zone&quot;:&quot;product-list&quot;,&quot;clickAndCollectEnable&quot;:true}"
  >
  <article class="ds-product-card ds-product-card--vertical">
  <div>
              <div class="ds-product-card--vertical-icons">
                <div
  class="add-to-shoppinglist"
  ean="3271923133015"
  is="add-to-shoppinglist"
></div>
      
        
      </div>
        <div class="ds-product-card--vertical-highlightlabel">
      
    </div>
    <div class="ds-product-card--vertical-infos">
      <div class="ds-product-card--vertical-text">
                
<a
  href="/p/vin-rouge-rasteau-cru-des-cotes-du-rhone-ortas-3271923133015?t=27074"
  title="Vin rouge Rasteau cru des Côtes du Rhône  ORTAS "
  rel=""
  target=""
  class="product-card-title product-card-title__reduced-line-clamp"
>
  

      

<h2 class="ds-title ds-title--s ds-title--medium">
  Vin rouge Rasteau cru des Côtes du Rhône  ORTAS 
</h2>
</a>
      
                

    

<div class="ds-body-text ds-body-text--size-s ds-body-text--color-standard-3 product-card-packaging">
      la bouteille de 75cL
  </div>
      
                

    

<div class="ds-body-text ds-body-text--size-s ds-body-text--color-standard-3 product-card-per-unit-label">
      8.73 € / Litre
  </div>
      
      </div>
      <div class="ds-product-card--vertical-image">
                
<a
  href="/p/vin-rouge-rasteau-cru-des-cotes-du-rhone-ortas-3271923133015?t=27074"
  title="Vin rouge Rasteau cru des Côtes du Rhône  ORTAS "
  rel=""
  target=""
  class="product-card-image"
>
  <img
      src="/images/loader-dots.svg"        data-src="/media/280x280/Photosite/PGC/BOISSONS/3271923133015_PHOTOSITE_20200924_053358_0.jpg?placeholder=1"        alt="Vin rouge Rasteau cru des Côtes du Rhône  ORTAS "
  class="image image--hidden image--lazy product-card-image__image"
/>
</a>
      
      </div>
    </div>
        
    
  </div>
  <div>
    <div class="ds-product-card--vertical-promotion">
      
    </div>
    <div class="ds-product-card--vertical-flex">
              
    

    


<div class="product-card-price">
  <div class="product-card-price__price">
    

    

<span class="ds-title ds-title--m product-card-price__price--final">
  6,55€
</span>

      </div>
</div>
      
      <div class="ds-product-card--vertical-cta">
                  
<form
  is="add-to-cart"
  id="data-produit-acheter"
  class="add-to-cart"
  :product="{&quot;type&quot;:&quot;product&quot;,&quot;id&quot;:&quot;product-3271923133015&quot;,&quot;attributes&quot;:{&quot;ean&quot;:&quot;3271923133015&quot;,&quot;cdbase&quot;:&quot;2365648&quot;,&quot;title&quot;:&quot;Vin rouge Rasteau cru des C\u00f4tes du Rh\u00f4ne  ORTAS &quot;,&quot;brand&quot;:&quot;REFS.SANS MARQUE&quot;,&quot;slug&quot;:&quot;vin-rouge-rasteau-cru-des-cotes-du-rhone-ortas&quot;,&quot;availability&quot;:{&quot;indispensable&quot;:false,&quot;purchasable&quot;:true,&quot;stopped&quot;:false,&quot;suspended&quot;:false,&quot;suspensionReason&quot;:null,&quot;checkable&quot;:false,&quot;currentStoreOffer&quot;:null},&quot;price&quot;:{&quot;price&quot;:6.5499999999999998,&quot;unitOfMeasure&quot;:&quot;Litre&quot;,&quot;perUnitLabel&quot;:&quot;8.73 \u20ac \/ Litre&quot;,&quot;taxMessage&quot;:&quot;&quot;,&quot;perUnit&quot;:8.7300000000000004},&quot;ordering&quot;:{&quot;min&quot;:1,&quot;step&quot;:1,&quot;max&quot;:36},&quot;offerServiceId&quot;:&quot;0261-150-6&quot;,&quot;uri&quot;:&quot;boissons\/cave-a-vins\/vins-rouges\/vallee-du-rhone&quot;,&quot;categories&quot;:[{&quot;id&quot;:&quot;27070&quot;,&quot;code&quot;:&quot;R10&quot;,&quot;slug&quot;:&quot;boissons&quot;,&quot;label&quot;:&quot;Boissons&quot;,&quot;uri&quot;:&quot;boissons&quot;,&quot;type&quot;:&quot;RAYON&quot;,&quot;level&quot;:1,&quot;sellerId&quot;:null},{&quot;id&quot;:&quot;27074&quot;,&quot;code&quot;:&quot;R10F02&quot;,&quot;slug&quot;:&quot;cave-a-vins&quot;,&quot;label&quot;:&quot;Cave \u00e0 vins&quot;,&quot;uri&quot;:&quot;boissons\/cave-a-vins&quot;,&quot;type&quot;:&quot;RAYON&quot;,&quot;level&quot;:2,&quot;sellerId&quot;:null},{&quot;id&quot;:&quot;27105&quot;,&quot;code&quot;:&quot;R10F02SF01&quot;,&quot;slug&quot;:&quot;vins-rouges&quot;,&quot;label&quot;:&quot;Vins rouges&quot;,&quot;uri&quot;:&quot;boissons\/cave-a-vins\/vins-rouges&quot;,&quot;type&quot;:&quot;RAYON&quot;,&quot;level&quot;:3,&quot;sellerId&quot;:null},{&quot;id&quot;:&quot;27142&quot;,&quot;code&quot;:&quot;R10F02SF01SS02&quot;,&quot;slug&quot;:&quot;vallee-du-rhone&quot;,&quot;label&quot;:&quot;Vall\u00e9e du Rh\u00f4ne&quot;,&quot;uri&quot;:&quot;boissons\/cave-a-vins\/vins-rouges\/vallee-du-rhone&quot;,&quot;type&quot;:&quot;RAYON&quot;,&quot;level&quot;:4,&quot;sellerId&quot;:null}],&quot;topCategoryName&quot;:&quot;Boissons&quot;,&quot;images&quot;:[{&quot;largest&quot;:&quot;\/media\/1500x1500\/Photosite\/PGC\/BOISSONS\/3271923133015_PHOTOSITE_20200924_053358_0.jpg?placeholder=1&quot;,&quot;1500x1500&quot;:&quot;\/media\/1500x1500\/Photosite\/PGC\/BOISSONS\/3271923133015_PHOTOSITE_20200924_053358_0.jpg?placeholder=1&quot;,&quot;540x540&quot;:&quot;\/media\/540x540\/Photosite\/PGC\/BOISSONS\/3271923133015_PHOTOSITE_20200924_053358_0.jpg?placeholder=1&quot;,&quot;380x380&quot;:&quot;\/media\/380x380\/Photosite\/PGC\/BOISSONS\/3271923133015_PHOTOSITE_20200924_053358_0.jpg?placeholder=1&quot;,&quot;340x340&quot;:&quot;\/media\/340x340\/Photosite\/PGC\/BOISSONS\/3271923133015_PHOTOSITE_20200924_053358_0.jpg?placeholder=1&quot;,&quot;340x240&quot;:&quot;\/media\/340x240\/Photosite\/PGC\/BOISSONS\/3271923133015_PHOTOSITE_20200924_053358_0.jpg?placeholder=1&quot;,&quot;280x280&quot;:&quot;\/media\/280x280\/Photosite\/PGC\/BOISSONS\/3271923133015_PHOTOSITE_20200924_053358_0.jpg?placeholder=1&quot;,&quot;195x195&quot;:&quot;\/media\/195x195\/Photosite\/PGC\/BOISSONS\/3271923133015_PHOTOSITE_20200924_053358_0.jpg?placeholder=1&quot;,&quot;150x150&quot;:&quot;\/media\/150x150\/Photosite\/PGC\/BOISSONS\/3271923133015_PHOTOSITE_20200924_053358_0.jpg?placeholder=1&quot;,&quot;43x43&quot;:&quot;\/media\/43x43\/Photosite\/PGC\/BOISSONS\/3271923133015_PHOTOSITE_20200924_053358_0.jpg?placeholder=1&quot;}],&quot;promotion&quot;:null,&quot;isDonation&quot;:false,&quot;highlightLabel&quot;:null,&quot;seller&quot;:null,&quot;sellerId&quot;:null,&quot;marketplace&quot;:null,&quot;freshness&quot;:null,&quot;traceability&quot;:null,&quot;flags&quot;:[],&quot;clubs&quot;:[],&quot;packaging&quot;:&quot;la bouteille de 75cL&quot;,&quot;origin&quot;:&quot;&quot;,&quot;format&quot;:&quot;75cL&quot;},&quot;relationships&quot;:{&quot;substitution&quot;:null},&quot;meta&quot;:{&quot;recommendation&quot;:null,&quot;cta&quot;:&quot;buy&quot;,&quot;features&quot;:{&quot;shoppingList&quot;:true,&quot;deletable&quot;:false,&quot;swap&quot;:false,&quot;feedback&quot;:false,&quot;freshness&quot;:true}},&quot;links&quot;:{&quot;self&quot;:&quot;\/p\/vin-rouge-rasteau-cru-des-cotes-du-rhone-ortas-3271923133015?t=27074&quot;}}"
  is-click-and-collect=""
  offer-service-id="0261-150-6"
  basket-service-id=""
  :render-context="{&quot;zone&quot;:&quot;product-list&quot;,&quot;clickAndCollectEnable&quot;:true}" >
  

<button
  class="pl-button pl-button--primary"
        
>
      <span class="pl-button__label">
                    </span>
  </button>
</form>

      
      </div>
    </div>
      </div>
</article>
</div>

                    </li>
            
                <li class="product-grid-item " >
    
                        


<div
  is="ds-product-card"
  class="ds-product-card__twigwrap"
  :index="14"
  :product="{&quot;type&quot;:&quot;product&quot;,&quot;id&quot;:&quot;product-3245414948709&quot;,&quot;attributes&quot;:{&quot;ean&quot;:&quot;3245414948709&quot;,&quot;cdbase&quot;:&quot;3840061&quot;,&quot;title&quot;:&quot;Vin rouge bio Bordeaux 2016 LA CAVE D&#039;AUGUSTIN FLORENT&quot;,&quot;brand&quot;:&quot;CARREFOUR BIO&quot;,&quot;slug&quot;:&quot;vin-rouge-bio-bordeaux-2016-la-cave-d-augustin-florent&quot;,&quot;availability&quot;:{&quot;indispensable&quot;:false,&quot;purchasable&quot;:true,&quot;stopped&quot;:false,&quot;suspended&quot;:false,&quot;suspensionReason&quot;:null,&quot;checkable&quot;:false,&quot;currentStoreOffer&quot;:null},&quot;price&quot;:{&quot;price&quot;:5.2000000000000002,&quot;unitOfMeasure&quot;:&quot;Litre&quot;,&quot;perUnitLabel&quot;:&quot;6.93 \u20ac \/ Litre&quot;,&quot;taxMessage&quot;:&quot;&quot;,&quot;perUnit&quot;:6.9299999999999997},&quot;ordering&quot;:{&quot;min&quot;:1,&quot;step&quot;:1,&quot;max&quot;:36},&quot;offerServiceId&quot;:&quot;0261-150-6&quot;,&quot;uri&quot;:&quot;boissons\/cave-a-vins\/vins-rouges\/bordeaux&quot;,&quot;categories&quot;:[{&quot;id&quot;:&quot;27070&quot;,&quot;code&quot;:&quot;R10&quot;,&quot;slug&quot;:&quot;boissons&quot;,&quot;label&quot;:&quot;Boissons&quot;,&quot;uri&quot;:&quot;boissons&quot;,&quot;type&quot;:&quot;RAYON&quot;,&quot;level&quot;:1,&quot;sellerId&quot;:null},{&quot;id&quot;:&quot;27074&quot;,&quot;code&quot;:&quot;R10F02&quot;,&quot;slug&quot;:&quot;cave-a-vins&quot;,&quot;label&quot;:&quot;Cave \u00e0 vins&quot;,&quot;uri&quot;:&quot;boissons\/cave-a-vins&quot;,&quot;type&quot;:&quot;RAYON&quot;,&quot;level&quot;:2,&quot;sellerId&quot;:null},{&quot;id&quot;:&quot;27105&quot;,&quot;code&quot;:&quot;R10F02SF01&quot;,&quot;slug&quot;:&quot;vins-rouges&quot;,&quot;label&quot;:&quot;Vins rouges&quot;,&quot;uri&quot;:&quot;boissons\/cave-a-vins\/vins-rouges&quot;,&quot;type&quot;:&quot;RAYON&quot;,&quot;level&quot;:3,&quot;sellerId&quot;:null},{&quot;id&quot;:&quot;27141&quot;,&quot;code&quot;:&quot;R10F02SF01SS01&quot;,&quot;slug&quot;:&quot;bordeaux&quot;,&quot;label&quot;:&quot;Bordeaux&quot;,&quot;uri&quot;:&quot;boissons\/cave-a-vins\/vins-rouges\/bordeaux&quot;,&quot;type&quot;:&quot;RAYON&quot;,&quot;level&quot;:4,&quot;sellerId&quot;:null}],&quot;topCategoryName&quot;:&quot;Boissons&quot;,&quot;images&quot;:[{&quot;largest&quot;:&quot;\/media\/1500x1500\/Photosite\/PGC\/BOISSONS\/3245414948709_PHOTOSITE_20161008_083904_0.jpg?placeholder=1&quot;,&quot;1500x1500&quot;:&quot;\/media\/1500x1500\/Photosite\/PGC\/BOISSONS\/3245414948709_PHOTOSITE_20161008_083904_0.jpg?placeholder=1&quot;,&quot;540x540&quot;:&quot;\/media\/540x540\/Photosite\/PGC\/BOISSONS\/3245414948709_PHOTOSITE_20161008_083904_0.jpg?placeholder=1&quot;,&quot;380x380&quot;:&quot;\/media\/380x380\/Photosite\/PGC\/BOISSONS\/3245414948709_PHOTOSITE_20161008_083904_0.jpg?placeholder=1&quot;,&quot;340x340&quot;:&quot;\/media\/340x340\/Photosite\/PGC\/BOISSONS\/3245414948709_PHOTOSITE_20161008_083904_0.jpg?placeholder=1&quot;,&quot;340x240&quot;:&quot;\/media\/340x240\/Photosite\/PGC\/BOISSONS\/3245414948709_PHOTOSITE_20161008_083904_0.jpg?placeholder=1&quot;,&quot;280x280&quot;:&quot;\/media\/280x280\/Photosite\/PGC\/BOISSONS\/3245414948709_PHOTOSITE_20161008_083904_0.jpg?placeholder=1&quot;,&quot;195x195&quot;:&quot;\/media\/195x195\/Photosite\/PGC\/BOISSONS\/3245414948709_PHOTOSITE_20161008_083904_0.jpg?placeholder=1&quot;,&quot;150x150&quot;:&quot;\/media\/150x150\/Photosite\/PGC\/BOISSONS\/3245414948709_PHOTOSITE_20161008_083904_0.jpg?placeholder=1&quot;,&quot;43x43&quot;:&quot;\/media\/43x43\/Photosite\/PGC\/BOISSONS\/3245414948709_PHOTOSITE_20161008_083904_0.jpg?placeholder=1&quot;},{&quot;largest&quot;:&quot;\/media\/1500x1500\/Photosite\/PGC\/BOISSONS\/3245414948709_PHOTOSITE_20161008_083904_7.jpg?placeholder=1&quot;,&quot;1500x1500&quot;:&quot;\/media\/1500x1500\/Photosite\/PGC\/BOISSONS\/3245414948709_PHOTOSITE_20161008_083904_7.jpg?placeholder=1&quot;,&quot;540x540&quot;:&quot;\/media\/540x540\/Photosite\/PGC\/BOISSONS\/3245414948709_PHOTOSITE_20161008_083904_7.jpg?placeholder=1&quot;,&quot;380x380&quot;:&quot;\/media\/380x380\/Photosite\/PGC\/BOISSONS\/3245414948709_PHOTOSITE_20161008_083904_7.jpg?placeholder=1&quot;,&quot;340x340&quot;:&quot;\/media\/340x340\/Photosite\/PGC\/BOISSONS\/3245414948709_PHOTOSITE_20161008_083904_7.jpg?placeholder=1&quot;,&quot;340x240&quot;:&quot;\/media\/340x240\/Photosite\/PGC\/BOISSONS\/3245414948709_PHOTOSITE_20161008_083904_7.jpg?placeholder=1&quot;,&quot;280x280&quot;:&quot;\/media\/280x280\/Photosite\/PGC\/BOISSONS\/3245414948709_PHOTOSITE_20161008_083904_7.jpg?placeholder=1&quot;,&quot;195x195&quot;:&quot;\/media\/195x195\/Photosite\/PGC\/BOISSONS\/3245414948709_PHOTOSITE_20161008_083904_7.jpg?placeholder=1&quot;,&quot;150x150&quot;:&quot;\/media\/150x150\/Photosite\/PGC\/BOISSONS\/3245414948709_PHOTOSITE_20161008_083904_7.jpg?placeholder=1&quot;,&quot;43x43&quot;:&quot;\/media\/43x43\/Photosite\/PGC\/BOISSONS\/3245414948709_PHOTOSITE_20161008_083904_7.jpg?placeholder=1&quot;}],&quot;promotion&quot;:null,&quot;isDonation&quot;:false,&quot;highlightLabel&quot;:null,&quot;seller&quot;:null,&quot;sellerId&quot;:null,&quot;marketplace&quot;:null,&quot;freshness&quot;:null,&quot;traceability&quot;:null,&quot;flags&quot;:[&quot;flag.common.organic&quot;],&quot;clubs&quot;:[],&quot;packaging&quot;:&quot;la bouteille de 75cl&quot;,&quot;origin&quot;:&quot;&quot;,&quot;format&quot;:&quot;75cL&quot;},&quot;relationships&quot;:{&quot;substitution&quot;:null},&quot;meta&quot;:{&quot;recommendation&quot;:null,&quot;cta&quot;:&quot;buy&quot;,&quot;features&quot;:{&quot;shoppingList&quot;:true,&quot;deletable&quot;:false,&quot;swap&quot;:false,&quot;feedback&quot;:false,&quot;freshness&quot;:true}},&quot;links&quot;:{&quot;self&quot;:&quot;\/p\/vin-rouge-bio-bordeaux-2016-la-cave-d-augustin-florent-3245414948709?t=27074&quot;}}"
  layout="vertical"
  :render-context="{&quot;zone&quot;:&quot;product-list&quot;,&quot;clickAndCollectEnable&quot;:true}"
  >
  <article class="ds-product-card ds-product-card--vertical">
  <div>
              <div class="ds-product-card--vertical-icons">
                <div
  class="add-to-shoppinglist"
  ean="3245414948709"
  is="add-to-shoppinglist"
></div>
      
        
      </div>
        <div class="ds-product-card--vertical-highlightlabel">
      
    </div>
    <div class="ds-product-card--vertical-infos">
      <div class="ds-product-card--vertical-text">
                
<a
  href="/p/vin-rouge-bio-bordeaux-2016-la-cave-d-augustin-florent-3245414948709?t=27074"
  title="Vin rouge bio Bordeaux 2016 LA CAVE D&#039;AUGUSTIN FLORENT"
  rel=""
  target=""
  class="product-card-title product-card-title__reduced-line-clamp"
>
  

      

<h2 class="ds-title ds-title--s ds-title--medium">
  Vin rouge bio Bordeaux 2016 LA CAVE D&#039;AUGUSTIN FLORENT
</h2>
</a>
      
                

    

<div class="ds-body-text ds-body-text--size-s ds-body-text--color-standard-3 product-card-packaging">
      la bouteille de 75cl
  </div>
      
                

    

<div class="ds-body-text ds-body-text--size-s ds-body-text--color-standard-3 product-card-per-unit-label">
      6.93 € / Litre
  </div>
      
      </div>
      <div class="ds-product-card--vertical-image">
                
<a
  href="/p/vin-rouge-bio-bordeaux-2016-la-cave-d-augustin-florent-3245414948709?t=27074"
  title="Vin rouge bio Bordeaux 2016 LA CAVE D&#039;AUGUSTIN FLORENT"
  rel=""
  target=""
  class="product-card-image"
>
  <img
      src="/images/loader-dots.svg"        data-src="/media/280x280/Photosite/PGC/BOISSONS/3245414948709_PHOTOSITE_20161008_083904_0.jpg?placeholder=1"        alt="Vin rouge bio Bordeaux 2016 LA CAVE D&#039;AUGUSTIN FLORENT"
  class="image image--hidden image--lazy product-card-image__image"
/>
</a>
      
      </div>
    </div>
          <div class="ds-product-card--vertical-badges">
                

  <ul class="product-badges-list" is="product-badges-list" :flags="[&quot;flag.common.organic&quot;]" :modifiers="[&quot;size-m&quot;]">
                            <li class="product-badges-list__item">
            

<a class="product-badge__link product-badge--flag-common-organ product-badge--size-m" href="#flag.common.organic" data-flag-id="flag.common.organic">
  <picture class="product-badge__icon">
    <img
      src="/images/badges/flag-common-organic.svg"         alt="Produit Bio"
  class="image product-badge__icon__img"
/>
  </picture>
  <span class="product-badge__title">Produit Bio</span>
</a>
          </li>
                    </ul>
      
      </div>
        
    
  </div>
  <div>
    <div class="ds-product-card--vertical-promotion">
      
    </div>
    <div class="ds-product-card--vertical-flex">
              
    

    


<div class="product-card-price">
  <div class="product-card-price__price">
    

    

<span class="ds-title ds-title--m product-card-price__price--final">
  5,20€
</span>

      </div>
</div>
      
      <div class="ds-product-card--vertical-cta">
                  
<form
  is="add-to-cart"
  id="data-produit-acheter"
  class="add-to-cart"
  :product="{&quot;type&quot;:&quot;product&quot;,&quot;id&quot;:&quot;product-3245414948709&quot;,&quot;attributes&quot;:{&quot;ean&quot;:&quot;3245414948709&quot;,&quot;cdbase&quot;:&quot;3840061&quot;,&quot;title&quot;:&quot;Vin rouge bio Bordeaux 2016 LA CAVE D&#039;AUGUSTIN FLORENT&quot;,&quot;brand&quot;:&quot;CARREFOUR BIO&quot;,&quot;slug&quot;:&quot;vin-rouge-bio-bordeaux-2016-la-cave-d-augustin-florent&quot;,&quot;availability&quot;:{&quot;indispensable&quot;:false,&quot;purchasable&quot;:true,&quot;stopped&quot;:false,&quot;suspended&quot;:false,&quot;suspensionReason&quot;:null,&quot;checkable&quot;:false,&quot;currentStoreOffer&quot;:null},&quot;price&quot;:{&quot;price&quot;:5.2000000000000002,&quot;unitOfMeasure&quot;:&quot;Litre&quot;,&quot;perUnitLabel&quot;:&quot;6.93 \u20ac \/ Litre&quot;,&quot;taxMessage&quot;:&quot;&quot;,&quot;perUnit&quot;:6.9299999999999997},&quot;ordering&quot;:{&quot;min&quot;:1,&quot;step&quot;:1,&quot;max&quot;:36},&quot;offerServiceId&quot;:&quot;0261-150-6&quot;,&quot;uri&quot;:&quot;boissons\/cave-a-vins\/vins-rouges\/bordeaux&quot;,&quot;categories&quot;:[{&quot;id&quot;:&quot;27070&quot;,&quot;code&quot;:&quot;R10&quot;,&quot;slug&quot;:&quot;boissons&quot;,&quot;label&quot;:&quot;Boissons&quot;,&quot;uri&quot;:&quot;boissons&quot;,&quot;type&quot;:&quot;RAYON&quot;,&quot;level&quot;:1,&quot;sellerId&quot;:null},{&quot;id&quot;:&quot;27074&quot;,&quot;code&quot;:&quot;R10F02&quot;,&quot;slug&quot;:&quot;cave-a-vins&quot;,&quot;label&quot;:&quot;Cave \u00e0 vins&quot;,&quot;uri&quot;:&quot;boissons\/cave-a-vins&quot;,&quot;type&quot;:&quot;RAYON&quot;,&quot;level&quot;:2,&quot;sellerId&quot;:null},{&quot;id&quot;:&quot;27105&quot;,&quot;code&quot;:&quot;R10F02SF01&quot;,&quot;slug&quot;:&quot;vins-rouges&quot;,&quot;label&quot;:&quot;Vins rouges&quot;,&quot;uri&quot;:&quot;boissons\/cave-a-vins\/vins-rouges&quot;,&quot;type&quot;:&quot;RAYON&quot;,&quot;level&quot;:3,&quot;sellerId&quot;:null},{&quot;id&quot;:&quot;27141&quot;,&quot;code&quot;:&quot;R10F02SF01SS01&quot;,&quot;slug&quot;:&quot;bordeaux&quot;,&quot;label&quot;:&quot;Bordeaux&quot;,&quot;uri&quot;:&quot;boissons\/cave-a-vins\/vins-rouges\/bordeaux&quot;,&quot;type&quot;:&quot;RAYON&quot;,&quot;level&quot;:4,&quot;sellerId&quot;:null}],&quot;topCategoryName&quot;:&quot;Boissons&quot;,&quot;images&quot;:[{&quot;largest&quot;:&quot;\/media\/1500x1500\/Photosite\/PGC\/BOISSONS\/3245414948709_PHOTOSITE_20161008_083904_0.jpg?placeholder=1&quot;,&quot;1500x1500&quot;:&quot;\/media\/1500x1500\/Photosite\/PGC\/BOISSONS\/3245414948709_PHOTOSITE_20161008_083904_0.jpg?placeholder=1&quot;,&quot;540x540&quot;:&quot;\/media\/540x540\/Photosite\/PGC\/BOISSONS\/3245414948709_PHOTOSITE_20161008_083904_0.jpg?placeholder=1&quot;,&quot;380x380&quot;:&quot;\/media\/380x380\/Photosite\/PGC\/BOISSONS\/3245414948709_PHOTOSITE_20161008_083904_0.jpg?placeholder=1&quot;,&quot;340x340&quot;:&quot;\/media\/340x340\/Photosite\/PGC\/BOISSONS\/3245414948709_PHOTOSITE_20161008_083904_0.jpg?placeholder=1&quot;,&quot;340x240&quot;:&quot;\/media\/340x240\/Photosite\/PGC\/BOISSONS\/3245414948709_PHOTOSITE_20161008_083904_0.jpg?placeholder=1&quot;,&quot;280x280&quot;:&quot;\/media\/280x280\/Photosite\/PGC\/BOISSONS\/3245414948709_PHOTOSITE_20161008_083904_0.jpg?placeholder=1&quot;,&quot;195x195&quot;:&quot;\/media\/195x195\/Photosite\/PGC\/BOISSONS\/3245414948709_PHOTOSITE_20161008_083904_0.jpg?placeholder=1&quot;,&quot;150x150&quot;:&quot;\/media\/150x150\/Photosite\/PGC\/BOISSONS\/3245414948709_PHOTOSITE_20161008_083904_0.jpg?placeholder=1&quot;,&quot;43x43&quot;:&quot;\/media\/43x43\/Photosite\/PGC\/BOISSONS\/3245414948709_PHOTOSITE_20161008_083904_0.jpg?placeholder=1&quot;},{&quot;largest&quot;:&quot;\/media\/1500x1500\/Photosite\/PGC\/BOISSONS\/3245414948709_PHOTOSITE_20161008_083904_7.jpg?placeholder=1&quot;,&quot;1500x1500&quot;:&quot;\/media\/1500x1500\/Photosite\/PGC\/BOISSONS\/3245414948709_PHOTOSITE_20161008_083904_7.jpg?placeholder=1&quot;,&quot;540x540&quot;:&quot;\/media\/540x540\/Photosite\/PGC\/BOISSONS\/3245414948709_PHOTOSITE_20161008_083904_7.jpg?placeholder=1&quot;,&quot;380x380&quot;:&quot;\/media\/380x380\/Photosite\/PGC\/BOISSONS\/3245414948709_PHOTOSITE_20161008_083904_7.jpg?placeholder=1&quot;,&quot;340x340&quot;:&quot;\/media\/340x340\/Photosite\/PGC\/BOISSONS\/3245414948709_PHOTOSITE_20161008_083904_7.jpg?placeholder=1&quot;,&quot;340x240&quot;:&quot;\/media\/340x240\/Photosite\/PGC\/BOISSONS\/3245414948709_PHOTOSITE_20161008_083904_7.jpg?placeholder=1&quot;,&quot;280x280&quot;:&quot;\/media\/280x280\/Photosite\/PGC\/BOISSONS\/3245414948709_PHOTOSITE_20161008_083904_7.jpg?placeholder=1&quot;,&quot;195x195&quot;:&quot;\/media\/195x195\/Photosite\/PGC\/BOISSONS\/3245414948709_PHOTOSITE_20161008_083904_7.jpg?placeholder=1&quot;,&quot;150x150&quot;:&quot;\/media\/150x150\/Photosite\/PGC\/BOISSONS\/3245414948709_PHOTOSITE_20161008_083904_7.jpg?placeholder=1&quot;,&quot;43x43&quot;:&quot;\/media\/43x43\/Photosite\/PGC\/BOISSONS\/3245414948709_PHOTOSITE_20161008_083904_7.jpg?placeholder=1&quot;}],&quot;promotion&quot;:null,&quot;isDonation&quot;:false,&quot;highlightLabel&quot;:null,&quot;seller&quot;:null,&quot;sellerId&quot;:null,&quot;marketplace&quot;:null,&quot;freshness&quot;:null,&quot;traceability&quot;:null,&quot;flags&quot;:[&quot;flag.common.organic&quot;],&quot;clubs&quot;:[],&quot;packaging&quot;:&quot;la bouteille de 75cl&quot;,&quot;origin&quot;:&quot;&quot;,&quot;format&quot;:&quot;75cL&quot;},&quot;relationships&quot;:{&quot;substitution&quot;:null},&quot;meta&quot;:{&quot;recommendation&quot;:null,&quot;cta&quot;:&quot;buy&quot;,&quot;features&quot;:{&quot;shoppingList&quot;:true,&quot;deletable&quot;:false,&quot;swap&quot;:false,&quot;feedback&quot;:false,&quot;freshness&quot;:true}},&quot;links&quot;:{&quot;self&quot;:&quot;\/p\/vin-rouge-bio-bordeaux-2016-la-cave-d-augustin-florent-3245414948709?t=27074&quot;}}"
  is-click-and-collect=""
  offer-service-id="0261-150-6"
  basket-service-id=""
  :render-context="{&quot;zone&quot;:&quot;product-list&quot;,&quot;clickAndCollectEnable&quot;:true}" >
  

<button
  class="pl-button pl-button--primary"
        
>
      <span class="pl-button__label">
                    </span>
  </button>
</form>

      
      </div>
    </div>
      </div>
</article>
</div>

                    </li>
            
                <li class="product-grid-item " >
    
                        


<div
  is="ds-product-card"
  class="ds-product-card__twigwrap"
  :index="15"
  :product="{&quot;type&quot;:&quot;product&quot;,&quot;id&quot;:&quot;product-3244081500807&quot;,&quot;attributes&quot;:{&quot;ean&quot;:&quot;3244081500807&quot;,&quot;cdbase&quot;:&quot;1968279&quot;,&quot;title&quot;:&quot;Vin Ros\u00e9 Languedoc Roussillon I.G.P. Sable de Camargue LISTEL&quot;,&quot;brand&quot;:&quot;REFS.SANS MARQUE&quot;,&quot;slug&quot;:&quot;vin-rose-languedoc-roussillon-i-g-p-sable-de-camargue-listel&quot;,&quot;availability&quot;:{&quot;indispensable&quot;:false,&quot;purchasable&quot;:true,&quot;stopped&quot;:false,&quot;suspended&quot;:false,&quot;suspensionReason&quot;:null,&quot;checkable&quot;:false,&quot;currentStoreOffer&quot;:null},&quot;price&quot;:{&quot;price&quot;:12.300000000000001,&quot;unitOfMeasure&quot;:&quot;Litre&quot;,&quot;perUnitLabel&quot;:&quot;4.10 \u20ac \/ Litre&quot;,&quot;taxMessage&quot;:&quot;&quot;,&quot;perUnit&quot;:4.0999999999999996},&quot;ordering&quot;:{&quot;min&quot;:1,&quot;step&quot;:1,&quot;max&quot;:20},&quot;offerServiceId&quot;:&quot;0261-150-6&quot;,&quot;uri&quot;:&quot;boissons\/cave-a-vins\/vins-roses\/vins-de-pays-vins-de-table-rose&quot;,&quot;categories&quot;:[{&quot;id&quot;:&quot;27070&quot;,&quot;code&quot;:&quot;R10&quot;,&quot;slug&quot;:&quot;boissons&quot;,&quot;label&quot;:&quot;Boissons&quot;,&quot;uri&quot;:&quot;boissons&quot;,&quot;type&quot;:&quot;RAYON&quot;,&quot;level&quot;:1,&quot;sellerId&quot;:null},{&quot;id&quot;:&quot;27074&quot;,&quot;code&quot;:&quot;R10F02&quot;,&quot;slug&quot;:&quot;cave-a-vins&quot;,&quot;label&quot;:&quot;Cave \u00e0 vins&quot;,&quot;uri&quot;:&quot;boissons\/cave-a-vins&quot;,&quot;type&quot;:&quot;RAYON&quot;,&quot;level&quot;:2,&quot;sellerId&quot;:null},{&quot;id&quot;:&quot;27107&quot;,&quot;code&quot;:&quot;R10F02SF03&quot;,&quot;slug&quot;:&quot;vins-roses&quot;,&quot;label&quot;:&quot;Vins ros\u00e9s&quot;,&quot;uri&quot;:&quot;boissons\/cave-a-vins\/vins-roses&quot;,&quot;type&quot;:&quot;RAYON&quot;,&quot;level&quot;:3,&quot;sellerId&quot;:null},{&quot;id&quot;:&quot;27165&quot;,&quot;code&quot;:&quot;R10F02SF03SS06&quot;,&quot;slug&quot;:&quot;vins-de-pays-vins-de-table-rose&quot;,&quot;label&quot;:&quot;Vins de pays et Vins de table ros\u00e9&quot;,&quot;uri&quot;:&quot;boissons\/cave-a-vins\/vins-roses\/vins-de-pays-vins-de-table-rose&quot;,&quot;type&quot;:&quot;RAYON&quot;,&quot;level&quot;:4,&quot;sellerId&quot;:null}],&quot;topCategoryName&quot;:&quot;Boissons&quot;,&quot;images&quot;:[{&quot;largest&quot;:&quot;\/media\/1500x1500\/Photosite\/PGC\/BOISSONS\/3244081500807_PHOTOSITE_20200730_164029_0.jpg?placeholder=1&quot;,&quot;1500x1500&quot;:&quot;\/media\/1500x1500\/Photosite\/PGC\/BOISSONS\/3244081500807_PHOTOSITE_20200730_164029_0.jpg?placeholder=1&quot;,&quot;540x540&quot;:&quot;\/media\/540x540\/Photosite\/PGC\/BOISSONS\/3244081500807_PHOTOSITE_20200730_164029_0.jpg?placeholder=1&quot;,&quot;380x380&quot;:&quot;\/media\/380x380\/Photosite\/PGC\/BOISSONS\/3244081500807_PHOTOSITE_20200730_164029_0.jpg?placeholder=1&quot;,&quot;340x340&quot;:&quot;\/media\/340x340\/Photosite\/PGC\/BOISSONS\/3244081500807_PHOTOSITE_20200730_164029_0.jpg?placeholder=1&quot;,&quot;340x240&quot;:&quot;\/media\/340x240\/Photosite\/PGC\/BOISSONS\/3244081500807_PHOTOSITE_20200730_164029_0.jpg?placeholder=1&quot;,&quot;280x280&quot;:&quot;\/media\/280x280\/Photosite\/PGC\/BOISSONS\/3244081500807_PHOTOSITE_20200730_164029_0.jpg?placeholder=1&quot;,&quot;195x195&quot;:&quot;\/media\/195x195\/Photosite\/PGC\/BOISSONS\/3244081500807_PHOTOSITE_20200730_164029_0.jpg?placeholder=1&quot;,&quot;150x150&quot;:&quot;\/media\/150x150\/Photosite\/PGC\/BOISSONS\/3244081500807_PHOTOSITE_20200730_164029_0.jpg?placeholder=1&quot;,&quot;43x43&quot;:&quot;\/media\/43x43\/Photosite\/PGC\/BOISSONS\/3244081500807_PHOTOSITE_20200730_164029_0.jpg?placeholder=1&quot;}],&quot;promotion&quot;:null,&quot;isDonation&quot;:false,&quot;highlightLabel&quot;:null,&quot;seller&quot;:null,&quot;sellerId&quot;:null,&quot;marketplace&quot;:null,&quot;freshness&quot;:null,&quot;traceability&quot;:null,&quot;flags&quot;:[&quot;flag.common.igp&quot;],&quot;clubs&quot;:[],&quot;packaging&quot;:&quot;la fontaine de 3L&quot;,&quot;origin&quot;:&quot;&quot;,&quot;format&quot;:&quot;3L&quot;},&quot;relationships&quot;:{&quot;substitution&quot;:null},&quot;meta&quot;:{&quot;recommendation&quot;:null,&quot;cta&quot;:&quot;buy&quot;,&quot;features&quot;:{&quot;shoppingList&quot;:true,&quot;deletable&quot;:false,&quot;swap&quot;:false,&quot;feedback&quot;:false,&quot;freshness&quot;:true}},&quot;links&quot;:{&quot;self&quot;:&quot;\/p\/vin-rose-languedoc-roussillon-i-g-p-sable-de-camargue-listel-3244081500807?t=27074&quot;}}"
  layout="vertical"
  :render-context="{&quot;zone&quot;:&quot;product-list&quot;,&quot;clickAndCollectEnable&quot;:true}"
  >
  <article class="ds-product-card ds-product-card--vertical">
  <div>
              <div class="ds-product-card--vertical-icons">
                <div
  class="add-to-shoppinglist"
  ean="3244081500807"
  is="add-to-shoppinglist"
></div>
      
        
      </div>
        <div class="ds-product-card--vertical-highlightlabel">
      
    </div>
    <div class="ds-product-card--vertical-infos">
      <div class="ds-product-card--vertical-text">
                
<a
  href="/p/vin-rose-languedoc-roussillon-i-g-p-sable-de-camargue-listel-3244081500807?t=27074"
  title="Vin Rosé Languedoc Roussillon I.G.P. Sable de Camargue LISTEL"
  rel=""
  target=""
  class="product-card-title product-card-title__reduced-line-clamp"
>
  

      

<h2 class="ds-title ds-title--s ds-title--medium">
  Vin Rosé Languedoc Roussillon I.G.P. Sable de Camargue LISTEL
</h2>
</a>
      
                

    

<div class="ds-body-text ds-body-text--size-s ds-body-text--color-standard-3 product-card-packaging">
      la fontaine de 3L
  </div>
      
                

    

<div class="ds-body-text ds-body-text--size-s ds-body-text--color-standard-3 product-card-per-unit-label">
      4.10 € / Litre
  </div>
      
      </div>
      <div class="ds-product-card--vertical-image">
                
<a
  href="/p/vin-rose-languedoc-roussillon-i-g-p-sable-de-camargue-listel-3244081500807?t=27074"
  title="Vin Rosé Languedoc Roussillon I.G.P. Sable de Camargue LISTEL"
  rel=""
  target=""
  class="product-card-image"
>
  <img
      src="/images/loader-dots.svg"        data-src="/media/280x280/Photosite/PGC/BOISSONS/3244081500807_PHOTOSITE_20200730_164029_0.jpg?placeholder=1"        alt="Vin Rosé Languedoc Roussillon I.G.P. Sable de Camargue LISTEL"
  class="image image--hidden image--lazy product-card-image__image"
/>
</a>
      
      </div>
    </div>
          <div class="ds-product-card--vertical-badges">
                

  <ul class="product-badges-list" is="product-badges-list" :flags="[&quot;flag.common.igp&quot;]" :modifiers="[&quot;size-m&quot;]">
                            <li class="product-badges-list__item">
            

<a class="product-badge__link product-badge--flag-common-i product-badge--size-m" href="#flag.common.igp" data-flag-id="flag.common.igp">
  <picture class="product-badge__icon">
    <img
      src="/images/badges/flag-common-igp.svg"         alt="Indication géographique protégée"
  class="image product-badge__icon__img"
/>
  </picture>
  <span class="product-badge__title">Indication géographique protégée</span>
</a>
          </li>
                    </ul>
      
      </div>
        
    
  </div>
  <div>
    <div class="ds-product-card--vertical-promotion">
      
    </div>
    <div class="ds-product-card--vertical-flex">
              
    

    


<div class="product-card-price">
  <div class="product-card-price__price">
    

    

<span class="ds-title ds-title--m product-card-price__price--final">
  12,30€
</span>

      </div>
</div>
      
      <div class="ds-product-card--vertical-cta">
                  
<form
  is="add-to-cart"
  id="data-produit-acheter"
  class="add-to-cart"
  :product="{&quot;type&quot;:&quot;product&quot;,&quot;id&quot;:&quot;product-3244081500807&quot;,&quot;attributes&quot;:{&quot;ean&quot;:&quot;3244081500807&quot;,&quot;cdbase&quot;:&quot;1968279&quot;,&quot;title&quot;:&quot;Vin Ros\u00e9 Languedoc Roussillon I.G.P. Sable de Camargue LISTEL&quot;,&quot;brand&quot;:&quot;REFS.SANS MARQUE&quot;,&quot;slug&quot;:&quot;vin-rose-languedoc-roussillon-i-g-p-sable-de-camargue-listel&quot;,&quot;availability&quot;:{&quot;indispensable&quot;:false,&quot;purchasable&quot;:true,&quot;stopped&quot;:false,&quot;suspended&quot;:false,&quot;suspensionReason&quot;:null,&quot;checkable&quot;:false,&quot;currentStoreOffer&quot;:null},&quot;price&quot;:{&quot;price&quot;:12.300000000000001,&quot;unitOfMeasure&quot;:&quot;Litre&quot;,&quot;perUnitLabel&quot;:&quot;4.10 \u20ac \/ Litre&quot;,&quot;taxMessage&quot;:&quot;&quot;,&quot;perUnit&quot;:4.0999999999999996},&quot;ordering&quot;:{&quot;min&quot;:1,&quot;step&quot;:1,&quot;max&quot;:20},&quot;offerServiceId&quot;:&quot;0261-150-6&quot;,&quot;uri&quot;:&quot;boissons\/cave-a-vins\/vins-roses\/vins-de-pays-vins-de-table-rose&quot;,&quot;categories&quot;:[{&quot;id&quot;:&quot;27070&quot;,&quot;code&quot;:&quot;R10&quot;,&quot;slug&quot;:&quot;boissons&quot;,&quot;label&quot;:&quot;Boissons&quot;,&quot;uri&quot;:&quot;boissons&quot;,&quot;type&quot;:&quot;RAYON&quot;,&quot;level&quot;:1,&quot;sellerId&quot;:null},{&quot;id&quot;:&quot;27074&quot;,&quot;code&quot;:&quot;R10F02&quot;,&quot;slug&quot;:&quot;cave-a-vins&quot;,&quot;label&quot;:&quot;Cave \u00e0 vins&quot;,&quot;uri&quot;:&quot;boissons\/cave-a-vins&quot;,&quot;type&quot;:&quot;RAYON&quot;,&quot;level&quot;:2,&quot;sellerId&quot;:null},{&quot;id&quot;:&quot;27107&quot;,&quot;code&quot;:&quot;R10F02SF03&quot;,&quot;slug&quot;:&quot;vins-roses&quot;,&quot;label&quot;:&quot;Vins ros\u00e9s&quot;,&quot;uri&quot;:&quot;boissons\/cave-a-vins\/vins-roses&quot;,&quot;type&quot;:&quot;RAYON&quot;,&quot;level&quot;:3,&quot;sellerId&quot;:null},{&quot;id&quot;:&quot;27165&quot;,&quot;code&quot;:&quot;R10F02SF03SS06&quot;,&quot;slug&quot;:&quot;vins-de-pays-vins-de-table-rose&quot;,&quot;label&quot;:&quot;Vins de pays et Vins de table ros\u00e9&quot;,&quot;uri&quot;:&quot;boissons\/cave-a-vins\/vins-roses\/vins-de-pays-vins-de-table-rose&quot;,&quot;type&quot;:&quot;RAYON&quot;,&quot;level&quot;:4,&quot;sellerId&quot;:null}],&quot;topCategoryName&quot;:&quot;Boissons&quot;,&quot;images&quot;:[{&quot;largest&quot;:&quot;\/media\/1500x1500\/Photosite\/PGC\/BOISSONS\/3244081500807_PHOTOSITE_20200730_164029_0.jpg?placeholder=1&quot;,&quot;1500x1500&quot;:&quot;\/media\/1500x1500\/Photosite\/PGC\/BOISSONS\/3244081500807_PHOTOSITE_20200730_164029_0.jpg?placeholder=1&quot;,&quot;540x540&quot;:&quot;\/media\/540x540\/Photosite\/PGC\/BOISSONS\/3244081500807_PHOTOSITE_20200730_164029_0.jpg?placeholder=1&quot;,&quot;380x380&quot;:&quot;\/media\/380x380\/Photosite\/PGC\/BOISSONS\/3244081500807_PHOTOSITE_20200730_164029_0.jpg?placeholder=1&quot;,&quot;340x340&quot;:&quot;\/media\/340x340\/Photosite\/PGC\/BOISSONS\/3244081500807_PHOTOSITE_20200730_164029_0.jpg?placeholder=1&quot;,&quot;340x240&quot;:&quot;\/media\/340x240\/Photosite\/PGC\/BOISSONS\/3244081500807_PHOTOSITE_20200730_164029_0.jpg?placeholder=1&quot;,&quot;280x280&quot;:&quot;\/media\/280x280\/Photosite\/PGC\/BOISSONS\/3244081500807_PHOTOSITE_20200730_164029_0.jpg?placeholder=1&quot;,&quot;195x195&quot;:&quot;\/media\/195x195\/Photosite\/PGC\/BOISSONS\/3244081500807_PHOTOSITE_20200730_164029_0.jpg?placeholder=1&quot;,&quot;150x150&quot;:&quot;\/media\/150x150\/Photosite\/PGC\/BOISSONS\/3244081500807_PHOTOSITE_20200730_164029_0.jpg?placeholder=1&quot;,&quot;43x43&quot;:&quot;\/media\/43x43\/Photosite\/PGC\/BOISSONS\/3244081500807_PHOTOSITE_20200730_164029_0.jpg?placeholder=1&quot;}],&quot;promotion&quot;:null,&quot;isDonation&quot;:false,&quot;highlightLabel&quot;:null,&quot;seller&quot;:null,&quot;sellerId&quot;:null,&quot;marketplace&quot;:null,&quot;freshness&quot;:null,&quot;traceability&quot;:null,&quot;flags&quot;:[&quot;flag.common.igp&quot;],&quot;clubs&quot;:[],&quot;packaging&quot;:&quot;la fontaine de 3L&quot;,&quot;origin&quot;:&quot;&quot;,&quot;format&quot;:&quot;3L&quot;},&quot;relationships&quot;:{&quot;substitution&quot;:null},&quot;meta&quot;:{&quot;recommendation&quot;:null,&quot;cta&quot;:&quot;buy&quot;,&quot;features&quot;:{&quot;shoppingList&quot;:true,&quot;deletable&quot;:false,&quot;swap&quot;:false,&quot;feedback&quot;:false,&quot;freshness&quot;:true}},&quot;links&quot;:{&quot;self&quot;:&quot;\/p\/vin-rose-languedoc-roussillon-i-g-p-sable-de-camargue-listel-3244081500807?t=27074&quot;}}"
  is-click-and-collect=""
  offer-service-id="0261-150-6"
  basket-service-id=""
  :render-context="{&quot;zone&quot;:&quot;product-list&quot;,&quot;clickAndCollectEnable&quot;:true}" >
  

<button
  class="pl-button pl-button--primary"
        
>
      <span class="pl-button__label">
                    </span>
  </button>
</form>

      
      </div>
    </div>
      </div>
</article>
</div>

                    </li>
            
                <li class="product-grid-item " >
    
                        


<div
  is="ds-product-card"
  class="ds-product-card__twigwrap"
  :index="16"
  :product="{&quot;type&quot;:&quot;product&quot;,&quot;id&quot;:&quot;product-3262151637758&quot;,&quot;attributes&quot;:{&quot;ean&quot;:&quot;3262151637758&quot;,&quot;cdbase&quot;:&quot;5692186&quot;,&quot;title&quot;:&quot;Vin rouge Bordeaux MOUTON CADET&quot;,&quot;brand&quot;:&quot;REFS.SANS MARQUE&quot;,&quot;slug&quot;:&quot;vin-rouge-bordeaux-mouton-cadet&quot;,&quot;availability&quot;:{&quot;indispensable&quot;:false,&quot;purchasable&quot;:true,&quot;stopped&quot;:false,&quot;suspended&quot;:false,&quot;suspensionReason&quot;:null,&quot;checkable&quot;:false,&quot;currentStoreOffer&quot;:null},&quot;price&quot;:{&quot;price&quot;:9.4000000000000004,&quot;unitOfMeasure&quot;:&quot;Litre&quot;,&quot;perUnitLabel&quot;:&quot;12.53 \u20ac \/ Litre&quot;,&quot;taxMessage&quot;:&quot;&quot;,&quot;perUnit&quot;:12.529999999999999},&quot;ordering&quot;:{&quot;min&quot;:1,&quot;step&quot;:1,&quot;max&quot;:36},&quot;offerServiceId&quot;:&quot;0261-150-6&quot;,&quot;uri&quot;:&quot;boissons\/cave-a-vins\/vins-rouges\/bordeaux&quot;,&quot;categories&quot;:[{&quot;id&quot;:&quot;27070&quot;,&quot;code&quot;:&quot;R10&quot;,&quot;slug&quot;:&quot;boissons&quot;,&quot;label&quot;:&quot;Boissons&quot;,&quot;uri&quot;:&quot;boissons&quot;,&quot;type&quot;:&quot;RAYON&quot;,&quot;level&quot;:1,&quot;sellerId&quot;:null},{&quot;id&quot;:&quot;27074&quot;,&quot;code&quot;:&quot;R10F02&quot;,&quot;slug&quot;:&quot;cave-a-vins&quot;,&quot;label&quot;:&quot;Cave \u00e0 vins&quot;,&quot;uri&quot;:&quot;boissons\/cave-a-vins&quot;,&quot;type&quot;:&quot;RAYON&quot;,&quot;level&quot;:2,&quot;sellerId&quot;:null},{&quot;id&quot;:&quot;27105&quot;,&quot;code&quot;:&quot;R10F02SF01&quot;,&quot;slug&quot;:&quot;vins-rouges&quot;,&quot;label&quot;:&quot;Vins rouges&quot;,&quot;uri&quot;:&quot;boissons\/cave-a-vins\/vins-rouges&quot;,&quot;type&quot;:&quot;RAYON&quot;,&quot;level&quot;:3,&quot;sellerId&quot;:null},{&quot;id&quot;:&quot;27141&quot;,&quot;code&quot;:&quot;R10F02SF01SS01&quot;,&quot;slug&quot;:&quot;bordeaux&quot;,&quot;label&quot;:&quot;Bordeaux&quot;,&quot;uri&quot;:&quot;boissons\/cave-a-vins\/vins-rouges\/bordeaux&quot;,&quot;type&quot;:&quot;RAYON&quot;,&quot;level&quot;:4,&quot;sellerId&quot;:null}],&quot;topCategoryName&quot;:&quot;Boissons&quot;,&quot;images&quot;:[{&quot;largest&quot;:&quot;\/media\/1500x1500\/Photosite\/PGC\/BOISSONS\/3262151637758_PHOTOSITE_20200620_080052_0.jpg?placeholder=1&quot;,&quot;1500x1500&quot;:&quot;\/media\/1500x1500\/Photosite\/PGC\/BOISSONS\/3262151637758_PHOTOSITE_20200620_080052_0.jpg?placeholder=1&quot;,&quot;540x540&quot;:&quot;\/media\/540x540\/Photosite\/PGC\/BOISSONS\/3262151637758_PHOTOSITE_20200620_080052_0.jpg?placeholder=1&quot;,&quot;380x380&quot;:&quot;\/media\/380x380\/Photosite\/PGC\/BOISSONS\/3262151637758_PHOTOSITE_20200620_080052_0.jpg?placeholder=1&quot;,&quot;340x340&quot;:&quot;\/media\/340x340\/Photosite\/PGC\/BOISSONS\/3262151637758_PHOTOSITE_20200620_080052_0.jpg?placeholder=1&quot;,&quot;340x240&quot;:&quot;\/media\/340x240\/Photosite\/PGC\/BOISSONS\/3262151637758_PHOTOSITE_20200620_080052_0.jpg?placeholder=1&quot;,&quot;280x280&quot;:&quot;\/media\/280x280\/Photosite\/PGC\/BOISSONS\/3262151637758_PHOTOSITE_20200620_080052_0.jpg?placeholder=1&quot;,&quot;195x195&quot;:&quot;\/media\/195x195\/Photosite\/PGC\/BOISSONS\/3262151637758_PHOTOSITE_20200620_080052_0.jpg?placeholder=1&quot;,&quot;150x150&quot;:&quot;\/media\/150x150\/Photosite\/PGC\/BOISSONS\/3262151637758_PHOTOSITE_20200620_080052_0.jpg?placeholder=1&quot;,&quot;43x43&quot;:&quot;\/media\/43x43\/Photosite\/PGC\/BOISSONS\/3262151637758_PHOTOSITE_20200620_080052_0.jpg?placeholder=1&quot;}],&quot;promotion&quot;:null,&quot;isDonation&quot;:false,&quot;highlightLabel&quot;:null,&quot;seller&quot;:null,&quot;sellerId&quot;:null,&quot;marketplace&quot;:null,&quot;freshness&quot;:null,&quot;traceability&quot;:null,&quot;flags&quot;:[&quot;flag.common.aop&quot;],&quot;clubs&quot;:[],&quot;packaging&quot;:&quot;la bouteille de 75cL&quot;,&quot;origin&quot;:&quot;&quot;,&quot;format&quot;:&quot;75cL&quot;},&quot;relationships&quot;:{&quot;substitution&quot;:null},&quot;meta&quot;:{&quot;recommendation&quot;:null,&quot;cta&quot;:&quot;buy&quot;,&quot;features&quot;:{&quot;shoppingList&quot;:true,&quot;deletable&quot;:false,&quot;swap&quot;:false,&quot;feedback&quot;:false,&quot;freshness&quot;:true}},&quot;links&quot;:{&quot;self&quot;:&quot;\/p\/vin-rouge-bordeaux-mouton-cadet-3262151637758?t=27074&quot;}}"
  layout="vertical"
  :render-context="{&quot;zone&quot;:&quot;product-list&quot;,&quot;clickAndCollectEnable&quot;:true}"
  >
  <article class="ds-product-card ds-product-card--vertical">
  <div>
              <div class="ds-product-card--vertical-icons">
                <div
  class="add-to-shoppinglist"
  ean="3262151637758"
  is="add-to-shoppinglist"
></div>
      
        
      </div>
        <div class="ds-product-card--vertical-highlightlabel">
      
    </div>
    <div class="ds-product-card--vertical-infos">
      <div class="ds-product-card--vertical-text">
                
<a
  href="/p/vin-rouge-bordeaux-mouton-cadet-3262151637758?t=27074"
  title="Vin rouge Bordeaux MOUTON CADET"
  rel=""
  target=""
  class="product-card-title product-card-title__reduced-line-clamp"
>
  

      

<h2 class="ds-title ds-title--s ds-title--medium">
  Vin rouge Bordeaux MOUTON CADET
</h2>
</a>
      
                

    

<div class="ds-body-text ds-body-text--size-s ds-body-text--color-standard-3 product-card-packaging">
      la bouteille de 75cL
  </div>
      
                

    

<div class="ds-body-text ds-body-text--size-s ds-body-text--color-standard-3 product-card-per-unit-label">
      12.53 € / Litre
  </div>
      
      </div>
      <div class="ds-product-card--vertical-image">
                
<a
  href="/p/vin-rouge-bordeaux-mouton-cadet-3262151637758?t=27074"
  title="Vin rouge Bordeaux MOUTON CADET"
  rel=""
  target=""
  class="product-card-image"
>
  <img
      src="/images/loader-dots.svg"        data-src="/media/280x280/Photosite/PGC/BOISSONS/3262151637758_PHOTOSITE_20200620_080052_0.jpg?placeholder=1"        alt="Vin rouge Bordeaux MOUTON CADET"
  class="image image--hidden image--lazy product-card-image__image"
/>
</a>
      
      </div>
    </div>
          <div class="ds-product-card--vertical-badges">
                

  <ul class="product-badges-list" is="product-badges-list" :flags="[&quot;flag.common.aop&quot;]" :modifiers="[&quot;size-m&quot;]">
                            <li class="product-badges-list__item">
            

<a class="product-badge__link product-badge--flag-common-a product-badge--size-m" href="#flag.common.aop" data-flag-id="flag.common.aop">
  <picture class="product-badge__icon">
    <img
      src="/images/badges/flag-common-aop.svg"         alt="Appellation d&#039;origine protégée"
  class="image product-badge__icon__img"
/>
  </picture>
  <span class="product-badge__title">Appellation d&#039;origine protégée</span>
</a>
          </li>
                    </ul>
      
      </div>
        
    
  </div>
  <div>
    <div class="ds-product-card--vertical-promotion">
      
    </div>
    <div class="ds-product-card--vertical-flex">
              
    

    


<div class="product-card-price">
  <div class="product-card-price__price">
    

    

<span class="ds-title ds-title--m product-card-price__price--final">
  9,40€
</span>

      </div>
</div>
      
      <div class="ds-product-card--vertical-cta">
                  
<form
  is="add-to-cart"
  id="data-produit-acheter"
  class="add-to-cart"
  :product="{&quot;type&quot;:&quot;product&quot;,&quot;id&quot;:&quot;product-3262151637758&quot;,&quot;attributes&quot;:{&quot;ean&quot;:&quot;3262151637758&quot;,&quot;cdbase&quot;:&quot;5692186&quot;,&quot;title&quot;:&quot;Vin rouge Bordeaux MOUTON CADET&quot;,&quot;brand&quot;:&quot;REFS.SANS MARQUE&quot;,&quot;slug&quot;:&quot;vin-rouge-bordeaux-mouton-cadet&quot;,&quot;availability&quot;:{&quot;indispensable&quot;:false,&quot;purchasable&quot;:true,&quot;stopped&quot;:false,&quot;suspended&quot;:false,&quot;suspensionReason&quot;:null,&quot;checkable&quot;:false,&quot;currentStoreOffer&quot;:null},&quot;price&quot;:{&quot;price&quot;:9.4000000000000004,&quot;unitOfMeasure&quot;:&quot;Litre&quot;,&quot;perUnitLabel&quot;:&quot;12.53 \u20ac \/ Litre&quot;,&quot;taxMessage&quot;:&quot;&quot;,&quot;perUnit&quot;:12.529999999999999},&quot;ordering&quot;:{&quot;min&quot;:1,&quot;step&quot;:1,&quot;max&quot;:36},&quot;offerServiceId&quot;:&quot;0261-150-6&quot;,&quot;uri&quot;:&quot;boissons\/cave-a-vins\/vins-rouges\/bordeaux&quot;,&quot;categories&quot;:[{&quot;id&quot;:&quot;27070&quot;,&quot;code&quot;:&quot;R10&quot;,&quot;slug&quot;:&quot;boissons&quot;,&quot;label&quot;:&quot;Boissons&quot;,&quot;uri&quot;:&quot;boissons&quot;,&quot;type&quot;:&quot;RAYON&quot;,&quot;level&quot;:1,&quot;sellerId&quot;:null},{&quot;id&quot;:&quot;27074&quot;,&quot;code&quot;:&quot;R10F02&quot;,&quot;slug&quot;:&quot;cave-a-vins&quot;,&quot;label&quot;:&quot;Cave \u00e0 vins&quot;,&quot;uri&quot;:&quot;boissons\/cave-a-vins&quot;,&quot;type&quot;:&quot;RAYON&quot;,&quot;level&quot;:2,&quot;sellerId&quot;:null},{&quot;id&quot;:&quot;27105&quot;,&quot;code&quot;:&quot;R10F02SF01&quot;,&quot;slug&quot;:&quot;vins-rouges&quot;,&quot;label&quot;:&quot;Vins rouges&quot;,&quot;uri&quot;:&quot;boissons\/cave-a-vins\/vins-rouges&quot;,&quot;type&quot;:&quot;RAYON&quot;,&quot;level&quot;:3,&quot;sellerId&quot;:null},{&quot;id&quot;:&quot;27141&quot;,&quot;code&quot;:&quot;R10F02SF01SS01&quot;,&quot;slug&quot;:&quot;bordeaux&quot;,&quot;label&quot;:&quot;Bordeaux&quot;,&quot;uri&quot;:&quot;boissons\/cave-a-vins\/vins-rouges\/bordeaux&quot;,&quot;type&quot;:&quot;RAYON&quot;,&quot;level&quot;:4,&quot;sellerId&quot;:null}],&quot;topCategoryName&quot;:&quot;Boissons&quot;,&quot;images&quot;:[{&quot;largest&quot;:&quot;\/media\/1500x1500\/Photosite\/PGC\/BOISSONS\/3262151637758_PHOTOSITE_20200620_080052_0.jpg?placeholder=1&quot;,&quot;1500x1500&quot;:&quot;\/media\/1500x1500\/Photosite\/PGC\/BOISSONS\/3262151637758_PHOTOSITE_20200620_080052_0.jpg?placeholder=1&quot;,&quot;540x540&quot;:&quot;\/media\/540x540\/Photosite\/PGC\/BOISSONS\/3262151637758_PHOTOSITE_20200620_080052_0.jpg?placeholder=1&quot;,&quot;380x380&quot;:&quot;\/media\/380x380\/Photosite\/PGC\/BOISSONS\/3262151637758_PHOTOSITE_20200620_080052_0.jpg?placeholder=1&quot;,&quot;340x340&quot;:&quot;\/media\/340x340\/Photosite\/PGC\/BOISSONS\/3262151637758_PHOTOSITE_20200620_080052_0.jpg?placeholder=1&quot;,&quot;340x240&quot;:&quot;\/media\/340x240\/Photosite\/PGC\/BOISSONS\/3262151637758_PHOTOSITE_20200620_080052_0.jpg?placeholder=1&quot;,&quot;280x280&quot;:&quot;\/media\/280x280\/Photosite\/PGC\/BOISSONS\/3262151637758_PHOTOSITE_20200620_080052_0.jpg?placeholder=1&quot;,&quot;195x195&quot;:&quot;\/media\/195x195\/Photosite\/PGC\/BOISSONS\/3262151637758_PHOTOSITE_20200620_080052_0.jpg?placeholder=1&quot;,&quot;150x150&quot;:&quot;\/media\/150x150\/Photosite\/PGC\/BOISSONS\/3262151637758_PHOTOSITE_20200620_080052_0.jpg?placeholder=1&quot;,&quot;43x43&quot;:&quot;\/media\/43x43\/Photosite\/PGC\/BOISSONS\/3262151637758_PHOTOSITE_20200620_080052_0.jpg?placeholder=1&quot;}],&quot;promotion&quot;:null,&quot;isDonation&quot;:false,&quot;highlightLabel&quot;:null,&quot;seller&quot;:null,&quot;sellerId&quot;:null,&quot;marketplace&quot;:null,&quot;freshness&quot;:null,&quot;traceability&quot;:null,&quot;flags&quot;:[&quot;flag.common.aop&quot;],&quot;clubs&quot;:[],&quot;packaging&quot;:&quot;la bouteille de 75cL&quot;,&quot;origin&quot;:&quot;&quot;,&quot;format&quot;:&quot;75cL&quot;},&quot;relationships&quot;:{&quot;substitution&quot;:null},&quot;meta&quot;:{&quot;recommendation&quot;:null,&quot;cta&quot;:&quot;buy&quot;,&quot;features&quot;:{&quot;shoppingList&quot;:true,&quot;deletable&quot;:false,&quot;swap&quot;:false,&quot;feedback&quot;:false,&quot;freshness&quot;:true}},&quot;links&quot;:{&quot;self&quot;:&quot;\/p\/vin-rouge-bordeaux-mouton-cadet-3262151637758?t=27074&quot;}}"
  is-click-and-collect=""
  offer-service-id="0261-150-6"
  basket-service-id=""
  :render-context="{&quot;zone&quot;:&quot;product-list&quot;,&quot;clickAndCollectEnable&quot;:true}" >
  

<button
  class="pl-button pl-button--primary"
        
>
      <span class="pl-button__label">
                    </span>
  </button>
</form>

      
      </div>
    </div>
      </div>
</article>
</div>

                    </li>
            
                <li class="product-grid-item " >
    
                        


<div
  is="ds-product-card"
  class="ds-product-card__twigwrap"
  :index="17"
  :product="{&quot;type&quot;:&quot;product&quot;,&quot;id&quot;:&quot;product-8001929214419&quot;,&quot;attributes&quot;:{&quot;ean&quot;:&quot;8001929214419&quot;,&quot;cdbase&quot;:&quot;4915279&quot;,&quot;title&quot;:&quot;Vin p\u00e9tillant ros\u00e9 Lambrusco DOC Italie ROSE SEMI SECCO&quot;,&quot;brand&quot;:&quot;REFS.SANS MARQUE&quot;,&quot;slug&quot;:&quot;vin-petillant-rose-lambrusco-doc-italie-rose-semi-secco&quot;,&quot;availability&quot;:{&quot;indispensable&quot;:false,&quot;purchasable&quot;:true,&quot;stopped&quot;:false,&quot;suspended&quot;:false,&quot;suspensionReason&quot;:null,&quot;checkable&quot;:false,&quot;currentStoreOffer&quot;:null},&quot;price&quot;:{&quot;price&quot;:2.9900000000000002,&quot;unitOfMeasure&quot;:&quot;Litre&quot;,&quot;perUnitLabel&quot;:&quot;3.99 \u20ac \/ Litre&quot;,&quot;taxMessage&quot;:&quot;&quot;,&quot;perUnit&quot;:3.9900000000000002},&quot;ordering&quot;:{&quot;min&quot;:1,&quot;step&quot;:1,&quot;max&quot;:36},&quot;offerServiceId&quot;:&quot;0261-150-6&quot;,&quot;uri&quot;:&quot;boissons\/cave-a-vins\/vins-etrangers&quot;,&quot;categories&quot;:[{&quot;id&quot;:&quot;27070&quot;,&quot;code&quot;:&quot;R10&quot;,&quot;slug&quot;:&quot;boissons&quot;,&quot;label&quot;:&quot;Boissons&quot;,&quot;uri&quot;:&quot;boissons&quot;,&quot;type&quot;:&quot;RAYON&quot;,&quot;level&quot;:1,&quot;sellerId&quot;:null},{&quot;id&quot;:&quot;27074&quot;,&quot;code&quot;:&quot;R10F02&quot;,&quot;slug&quot;:&quot;cave-a-vins&quot;,&quot;label&quot;:&quot;Cave \u00e0 vins&quot;,&quot;uri&quot;:&quot;boissons\/cave-a-vins&quot;,&quot;type&quot;:&quot;RAYON&quot;,&quot;level&quot;:2,&quot;sellerId&quot;:null},{&quot;id&quot;:&quot;27139&quot;,&quot;code&quot;:&quot;R10F02SF04&quot;,&quot;slug&quot;:&quot;vins-etrangers&quot;,&quot;label&quot;:&quot;Vins \u00e9trangers&quot;,&quot;uri&quot;:&quot;boissons\/cave-a-vins\/vins-etrangers&quot;,&quot;type&quot;:&quot;RAYON&quot;,&quot;level&quot;:3,&quot;sellerId&quot;:null}],&quot;topCategoryName&quot;:&quot;Boissons&quot;,&quot;images&quot;:[{&quot;largest&quot;:&quot;\/media\/1500x1500\/Photosite\/PGC\/BOISSONS\/8001929214419_PHOTOSITE_20200228_081619_0.jpg?placeholder=1&quot;,&quot;1500x1500&quot;:&quot;\/media\/1500x1500\/Photosite\/PGC\/BOISSONS\/8001929214419_PHOTOSITE_20200228_081619_0.jpg?placeholder=1&quot;,&quot;540x540&quot;:&quot;\/media\/540x540\/Photosite\/PGC\/BOISSONS\/8001929214419_PHOTOSITE_20200228_081619_0.jpg?placeholder=1&quot;,&quot;380x380&quot;:&quot;\/media\/380x380\/Photosite\/PGC\/BOISSONS\/8001929214419_PHOTOSITE_20200228_081619_0.jpg?placeholder=1&quot;,&quot;340x340&quot;:&quot;\/media\/340x340\/Photosite\/PGC\/BOISSONS\/8001929214419_PHOTOSITE_20200228_081619_0.jpg?placeholder=1&quot;,&quot;340x240&quot;:&quot;\/media\/340x240\/Photosite\/PGC\/BOISSONS\/8001929214419_PHOTOSITE_20200228_081619_0.jpg?placeholder=1&quot;,&quot;280x280&quot;:&quot;\/media\/280x280\/Photosite\/PGC\/BOISSONS\/8001929214419_PHOTOSITE_20200228_081619_0.jpg?placeholder=1&quot;,&quot;195x195&quot;:&quot;\/media\/195x195\/Photosite\/PGC\/BOISSONS\/8001929214419_PHOTOSITE_20200228_081619_0.jpg?placeholder=1&quot;,&quot;150x150&quot;:&quot;\/media\/150x150\/Photosite\/PGC\/BOISSONS\/8001929214419_PHOTOSITE_20200228_081619_0.jpg?placeholder=1&quot;,&quot;43x43&quot;:&quot;\/media\/43x43\/Photosite\/PGC\/BOISSONS\/8001929214419_PHOTOSITE_20200228_081619_0.jpg?placeholder=1&quot;}],&quot;promotion&quot;:null,&quot;isDonation&quot;:false,&quot;highlightLabel&quot;:null,&quot;seller&quot;:null,&quot;sellerId&quot;:null,&quot;marketplace&quot;:null,&quot;freshness&quot;:null,&quot;traceability&quot;:null,&quot;flags&quot;:[],&quot;clubs&quot;:[],&quot;packaging&quot;:&quot;La bouteille de 75cL&quot;,&quot;origin&quot;:&quot;&quot;,&quot;format&quot;:&quot;75cL&quot;},&quot;relationships&quot;:{&quot;substitution&quot;:null},&quot;meta&quot;:{&quot;recommendation&quot;:null,&quot;cta&quot;:&quot;buy&quot;,&quot;features&quot;:{&quot;shoppingList&quot;:true,&quot;deletable&quot;:false,&quot;swap&quot;:false,&quot;feedback&quot;:false,&quot;freshness&quot;:true}},&quot;links&quot;:{&quot;self&quot;:&quot;\/p\/vin-petillant-rose-lambrusco-doc-italie-rose-semi-secco-8001929214419?t=27074&quot;}}"
  layout="vertical"
  :render-context="{&quot;zone&quot;:&quot;product-list&quot;,&quot;clickAndCollectEnable&quot;:true}"
  >
  <article class="ds-product-card ds-product-card--vertical">
  <div>
              <div class="ds-product-card--vertical-icons">
                <div
  class="add-to-shoppinglist"
  ean="8001929214419"
  is="add-to-shoppinglist"
></div>
      
        
      </div>
        <div class="ds-product-card--vertical-highlightlabel">
      
    </div>
    <div class="ds-product-card--vertical-infos">
      <div class="ds-product-card--vertical-text">
                
<a
  href="/p/vin-petillant-rose-lambrusco-doc-italie-rose-semi-secco-8001929214419?t=27074"
  title="Vin pétillant rosé Lambrusco DOC Italie ROSE SEMI SECCO"
  rel=""
  target=""
  class="product-card-title product-card-title__reduced-line-clamp"
>
  

      

<h2 class="ds-title ds-title--s ds-title--medium">
  Vin pétillant rosé Lambrusco DOC Italie ROSE SEMI SECCO
</h2>
</a>
      
                

    

<div class="ds-body-text ds-body-text--size-s ds-body-text--color-standard-3 product-card-packaging">
      La bouteille de 75cL
  </div>
      
                

    

<div class="ds-body-text ds-body-text--size-s ds-body-text--color-standard-3 product-card-per-unit-label">
      3.99 € / Litre
  </div>
      
      </div>
      <div class="ds-product-card--vertical-image">
                
<a
  href="/p/vin-petillant-rose-lambrusco-doc-italie-rose-semi-secco-8001929214419?t=27074"
  title="Vin pétillant rosé Lambrusco DOC Italie ROSE SEMI SECCO"
  rel=""
  target=""
  class="product-card-image"
>
  <img
      src="/images/loader-dots.svg"        data-src="/media/280x280/Photosite/PGC/BOISSONS/8001929214419_PHOTOSITE_20200228_081619_0.jpg?placeholder=1"        alt="Vin pétillant rosé Lambrusco DOC Italie ROSE SEMI SECCO"
  class="image image--hidden image--lazy product-card-image__image"
/>
</a>
      
      </div>
    </div>
        
    
  </div>
  <div>
    <div class="ds-product-card--vertical-promotion">
      
    </div>
    <div class="ds-product-card--vertical-flex">
              
    

    


<div class="product-card-price">
  <div class="product-card-price__price">
    

    

<span class="ds-title ds-title--m product-card-price__price--final">
  2,99€
</span>

      </div>
</div>
      
      <div class="ds-product-card--vertical-cta">
                  
<form
  is="add-to-cart"
  id="data-produit-acheter"
  class="add-to-cart"
  :product="{&quot;type&quot;:&quot;product&quot;,&quot;id&quot;:&quot;product-8001929214419&quot;,&quot;attributes&quot;:{&quot;ean&quot;:&quot;8001929214419&quot;,&quot;cdbase&quot;:&quot;4915279&quot;,&quot;title&quot;:&quot;Vin p\u00e9tillant ros\u00e9 Lambrusco DOC Italie ROSE SEMI SECCO&quot;,&quot;brand&quot;:&quot;REFS.SANS MARQUE&quot;,&quot;slug&quot;:&quot;vin-petillant-rose-lambrusco-doc-italie-rose-semi-secco&quot;,&quot;availability&quot;:{&quot;indispensable&quot;:false,&quot;purchasable&quot;:true,&quot;stopped&quot;:false,&quot;suspended&quot;:false,&quot;suspensionReason&quot;:null,&quot;checkable&quot;:false,&quot;currentStoreOffer&quot;:null},&quot;price&quot;:{&quot;price&quot;:2.9900000000000002,&quot;unitOfMeasure&quot;:&quot;Litre&quot;,&quot;perUnitLabel&quot;:&quot;3.99 \u20ac \/ Litre&quot;,&quot;taxMessage&quot;:&quot;&quot;,&quot;perUnit&quot;:3.9900000000000002},&quot;ordering&quot;:{&quot;min&quot;:1,&quot;step&quot;:1,&quot;max&quot;:36},&quot;offerServiceId&quot;:&quot;0261-150-6&quot;,&quot;uri&quot;:&quot;boissons\/cave-a-vins\/vins-etrangers&quot;,&quot;categories&quot;:[{&quot;id&quot;:&quot;27070&quot;,&quot;code&quot;:&quot;R10&quot;,&quot;slug&quot;:&quot;boissons&quot;,&quot;label&quot;:&quot;Boissons&quot;,&quot;uri&quot;:&quot;boissons&quot;,&quot;type&quot;:&quot;RAYON&quot;,&quot;level&quot;:1,&quot;sellerId&quot;:null},{&quot;id&quot;:&quot;27074&quot;,&quot;code&quot;:&quot;R10F02&quot;,&quot;slug&quot;:&quot;cave-a-vins&quot;,&quot;label&quot;:&quot;Cave \u00e0 vins&quot;,&quot;uri&quot;:&quot;boissons\/cave-a-vins&quot;,&quot;type&quot;:&quot;RAYON&quot;,&quot;level&quot;:2,&quot;sellerId&quot;:null},{&quot;id&quot;:&quot;27139&quot;,&quot;code&quot;:&quot;R10F02SF04&quot;,&quot;slug&quot;:&quot;vins-etrangers&quot;,&quot;label&quot;:&quot;Vins \u00e9trangers&quot;,&quot;uri&quot;:&quot;boissons\/cave-a-vins\/vins-etrangers&quot;,&quot;type&quot;:&quot;RAYON&quot;,&quot;level&quot;:3,&quot;sellerId&quot;:null}],&quot;topCategoryName&quot;:&quot;Boissons&quot;,&quot;images&quot;:[{&quot;largest&quot;:&quot;\/media\/1500x1500\/Photosite\/PGC\/BOISSONS\/8001929214419_PHOTOSITE_20200228_081619_0.jpg?placeholder=1&quot;,&quot;1500x1500&quot;:&quot;\/media\/1500x1500\/Photosite\/PGC\/BOISSONS\/8001929214419_PHOTOSITE_20200228_081619_0.jpg?placeholder=1&quot;,&quot;540x540&quot;:&quot;\/media\/540x540\/Photosite\/PGC\/BOISSONS\/8001929214419_PHOTOSITE_20200228_081619_0.jpg?placeholder=1&quot;,&quot;380x380&quot;:&quot;\/media\/380x380\/Photosite\/PGC\/BOISSONS\/8001929214419_PHOTOSITE_20200228_081619_0.jpg?placeholder=1&quot;,&quot;340x340&quot;:&quot;\/media\/340x340\/Photosite\/PGC\/BOISSONS\/8001929214419_PHOTOSITE_20200228_081619_0.jpg?placeholder=1&quot;,&quot;340x240&quot;:&quot;\/media\/340x240\/Photosite\/PGC\/BOISSONS\/8001929214419_PHOTOSITE_20200228_081619_0.jpg?placeholder=1&quot;,&quot;280x280&quot;:&quot;\/media\/280x280\/Photosite\/PGC\/BOISSONS\/8001929214419_PHOTOSITE_20200228_081619_0.jpg?placeholder=1&quot;,&quot;195x195&quot;:&quot;\/media\/195x195\/Photosite\/PGC\/BOISSONS\/8001929214419_PHOTOSITE_20200228_081619_0.jpg?placeholder=1&quot;,&quot;150x150&quot;:&quot;\/media\/150x150\/Photosite\/PGC\/BOISSONS\/8001929214419_PHOTOSITE_20200228_081619_0.jpg?placeholder=1&quot;,&quot;43x43&quot;:&quot;\/media\/43x43\/Photosite\/PGC\/BOISSONS\/8001929214419_PHOTOSITE_20200228_081619_0.jpg?placeholder=1&quot;}],&quot;promotion&quot;:null,&quot;isDonation&quot;:false,&quot;highlightLabel&quot;:null,&quot;seller&quot;:null,&quot;sellerId&quot;:null,&quot;marketplace&quot;:null,&quot;freshness&quot;:null,&quot;traceability&quot;:null,&quot;flags&quot;:[],&quot;clubs&quot;:[],&quot;packaging&quot;:&quot;La bouteille de 75cL&quot;,&quot;origin&quot;:&quot;&quot;,&quot;format&quot;:&quot;75cL&quot;},&quot;relationships&quot;:{&quot;substitution&quot;:null},&quot;meta&quot;:{&quot;recommendation&quot;:null,&quot;cta&quot;:&quot;buy&quot;,&quot;features&quot;:{&quot;shoppingList&quot;:true,&quot;deletable&quot;:false,&quot;swap&quot;:false,&quot;feedback&quot;:false,&quot;freshness&quot;:true}},&quot;links&quot;:{&quot;self&quot;:&quot;\/p\/vin-petillant-rose-lambrusco-doc-italie-rose-semi-secco-8001929214419?t=27074&quot;}}"
  is-click-and-collect=""
  offer-service-id="0261-150-6"
  basket-service-id=""
  :render-context="{&quot;zone&quot;:&quot;product-list&quot;,&quot;clickAndCollectEnable&quot;:true}" >
  

<button
  class="pl-button pl-button--primary"
        
>
      <span class="pl-button__label">
                    </span>
  </button>
</form>

      
      </div>
    </div>
      </div>
</article>
</div>

                    </li>
            
                <li class="product-grid-item " >
    
                        


<div
  is="ds-product-card"
  class="ds-product-card__twigwrap"
  :index="18"
  :product="{&quot;type&quot;:&quot;product&quot;,&quot;id&quot;:&quot;product-3245414686335&quot;,&quot;attributes&quot;:{&quot;ean&quot;:&quot;3245414686335&quot;,&quot;cdbase&quot;:&quot;3720321&quot;,&quot;title&quot;:&quot;Vin blanc Bourgogne Chardonnay  CAVE AUGUSTIN FLORENT &quot;,&quot;brand&quot;:&quot;CAVE AUGUSTIN FLOREN&quot;,&quot;slug&quot;:&quot;vin-blanc-bourgogne-chardonnay-cave-augustin-florent&quot;,&quot;availability&quot;:{&quot;indispensable&quot;:false,&quot;purchasable&quot;:true,&quot;stopped&quot;:false,&quot;suspended&quot;:false,&quot;suspensionReason&quot;:null,&quot;checkable&quot;:false,&quot;currentStoreOffer&quot;:null},&quot;price&quot;:{&quot;price&quot;:5.8499999999999996,&quot;unitOfMeasure&quot;:&quot;Litre&quot;,&quot;perUnitLabel&quot;:&quot;7.80 \u20ac \/ Litre&quot;,&quot;taxMessage&quot;:&quot;&quot;,&quot;perUnit&quot;:7.7999999999999998},&quot;ordering&quot;:{&quot;min&quot;:1,&quot;step&quot;:1,&quot;max&quot;:36},&quot;offerServiceId&quot;:&quot;0261-150-6&quot;,&quot;uri&quot;:&quot;boissons\/cave-a-vins\/vins-blancs\/bourgogne&quot;,&quot;categories&quot;:[{&quot;id&quot;:&quot;27070&quot;,&quot;code&quot;:&quot;R10&quot;,&quot;slug&quot;:&quot;boissons&quot;,&quot;label&quot;:&quot;Boissons&quot;,&quot;uri&quot;:&quot;boissons&quot;,&quot;type&quot;:&quot;RAYON&quot;,&quot;level&quot;:1,&quot;sellerId&quot;:null},{&quot;id&quot;:&quot;27074&quot;,&quot;code&quot;:&quot;R10F02&quot;,&quot;slug&quot;:&quot;cave-a-vins&quot;,&quot;label&quot;:&quot;Cave \u00e0 vins&quot;,&quot;uri&quot;:&quot;boissons\/cave-a-vins&quot;,&quot;type&quot;:&quot;RAYON&quot;,&quot;level&quot;:2,&quot;sellerId&quot;:null},{&quot;id&quot;:&quot;27106&quot;,&quot;code&quot;:&quot;R10F02SF02&quot;,&quot;slug&quot;:&quot;vins-blancs&quot;,&quot;label&quot;:&quot;Vins blancs&quot;,&quot;uri&quot;:&quot;boissons\/cave-a-vins\/vins-blancs&quot;,&quot;type&quot;:&quot;RAYON&quot;,&quot;level&quot;:3,&quot;sellerId&quot;:null},{&quot;id&quot;:&quot;27151&quot;,&quot;code&quot;:&quot;R10F02SF02SS01&quot;,&quot;slug&quot;:&quot;bourgogne&quot;,&quot;label&quot;:&quot;Bourgogne&quot;,&quot;uri&quot;:&quot;boissons\/cave-a-vins\/vins-blancs\/bourgogne&quot;,&quot;type&quot;:&quot;RAYON&quot;,&quot;level&quot;:4,&quot;sellerId&quot;:null}],&quot;topCategoryName&quot;:&quot;Boissons&quot;,&quot;images&quot;:[{&quot;largest&quot;:&quot;\/media\/1500x1500\/Photosite\/PGC\/BOISSONS\/3245414686335_PHOTOSITE_20171114_135038_0.jpg?placeholder=1&quot;,&quot;1500x1500&quot;:&quot;\/media\/1500x1500\/Photosite\/PGC\/BOISSONS\/3245414686335_PHOTOSITE_20171114_135038_0.jpg?placeholder=1&quot;,&quot;540x540&quot;:&quot;\/media\/540x540\/Photosite\/PGC\/BOISSONS\/3245414686335_PHOTOSITE_20171114_135038_0.jpg?placeholder=1&quot;,&quot;380x380&quot;:&quot;\/media\/380x380\/Photosite\/PGC\/BOISSONS\/3245414686335_PHOTOSITE_20171114_135038_0.jpg?placeholder=1&quot;,&quot;340x340&quot;:&quot;\/media\/340x340\/Photosite\/PGC\/BOISSONS\/3245414686335_PHOTOSITE_20171114_135038_0.jpg?placeholder=1&quot;,&quot;340x240&quot;:&quot;\/media\/340x240\/Photosite\/PGC\/BOISSONS\/3245414686335_PHOTOSITE_20171114_135038_0.jpg?placeholder=1&quot;,&quot;280x280&quot;:&quot;\/media\/280x280\/Photosite\/PGC\/BOISSONS\/3245414686335_PHOTOSITE_20171114_135038_0.jpg?placeholder=1&quot;,&quot;195x195&quot;:&quot;\/media\/195x195\/Photosite\/PGC\/BOISSONS\/3245414686335_PHOTOSITE_20171114_135038_0.jpg?placeholder=1&quot;,&quot;150x150&quot;:&quot;\/media\/150x150\/Photosite\/PGC\/BOISSONS\/3245414686335_PHOTOSITE_20171114_135038_0.jpg?placeholder=1&quot;,&quot;43x43&quot;:&quot;\/media\/43x43\/Photosite\/PGC\/BOISSONS\/3245414686335_PHOTOSITE_20171114_135038_0.jpg?placeholder=1&quot;},{&quot;largest&quot;:&quot;\/media\/1500x1500\/Photosite\/PGC\/BOISSONS\/3245414686335_PHOTOSITE_20140327_183353_7.jpg?placeholder=1&quot;,&quot;1500x1500&quot;:&quot;\/media\/1500x1500\/Photosite\/PGC\/BOISSONS\/3245414686335_PHOTOSITE_20140327_183353_7.jpg?placeholder=1&quot;,&quot;540x540&quot;:&quot;\/media\/540x540\/Photosite\/PGC\/BOISSONS\/3245414686335_PHOTOSITE_20140327_183353_7.jpg?placeholder=1&quot;,&quot;380x380&quot;:&quot;\/media\/380x380\/Photosite\/PGC\/BOISSONS\/3245414686335_PHOTOSITE_20140327_183353_7.jpg?placeholder=1&quot;,&quot;340x340&quot;:&quot;\/media\/340x340\/Photosite\/PGC\/BOISSONS\/3245414686335_PHOTOSITE_20140327_183353_7.jpg?placeholder=1&quot;,&quot;340x240&quot;:&quot;\/media\/340x240\/Photosite\/PGC\/BOISSONS\/3245414686335_PHOTOSITE_20140327_183353_7.jpg?placeholder=1&quot;,&quot;280x280&quot;:&quot;\/media\/280x280\/Photosite\/PGC\/BOISSONS\/3245414686335_PHOTOSITE_20140327_183353_7.jpg?placeholder=1&quot;,&quot;195x195&quot;:&quot;\/media\/195x195\/Photosite\/PGC\/BOISSONS\/3245414686335_PHOTOSITE_20140327_183353_7.jpg?placeholder=1&quot;,&quot;150x150&quot;:&quot;\/media\/150x150\/Photosite\/PGC\/BOISSONS\/3245414686335_PHOTOSITE_20140327_183353_7.jpg?placeholder=1&quot;,&quot;43x43&quot;:&quot;\/media\/43x43\/Photosite\/PGC\/BOISSONS\/3245414686335_PHOTOSITE_20140327_183353_7.jpg?placeholder=1&quot;}],&quot;promotion&quot;:null,&quot;isDonation&quot;:false,&quot;highlightLabel&quot;:null,&quot;seller&quot;:null,&quot;sellerId&quot;:null,&quot;marketplace&quot;:null,&quot;freshness&quot;:null,&quot;traceability&quot;:null,&quot;flags&quot;:[],&quot;clubs&quot;:[],&quot;packaging&quot;:&quot;la bouteille de 75cL&quot;,&quot;origin&quot;:&quot;&quot;,&quot;format&quot;:&quot;75cL&quot;},&quot;relationships&quot;:{&quot;substitution&quot;:null},&quot;meta&quot;:{&quot;recommendation&quot;:null,&quot;cta&quot;:&quot;buy&quot;,&quot;features&quot;:{&quot;shoppingList&quot;:true,&quot;deletable&quot;:false,&quot;swap&quot;:false,&quot;feedback&quot;:false,&quot;freshness&quot;:true}},&quot;links&quot;:{&quot;self&quot;:&quot;\/p\/vin-blanc-bourgogne-chardonnay-cave-augustin-florent-3245414686335?t=27074&quot;}}"
  layout="vertical"
  :render-context="{&quot;zone&quot;:&quot;product-list&quot;,&quot;clickAndCollectEnable&quot;:true}"
  >
  <article class="ds-product-card ds-product-card--vertical">
  <div>
              <div class="ds-product-card--vertical-icons">
                <div
  class="add-to-shoppinglist"
  ean="3245414686335"
  is="add-to-shoppinglist"
></div>
      
        
      </div>
        <div class="ds-product-card--vertical-highlightlabel">
      
    </div>
    <div class="ds-product-card--vertical-infos">
      <div class="ds-product-card--vertical-text">
                
<a
  href="/p/vin-blanc-bourgogne-chardonnay-cave-augustin-florent-3245414686335?t=27074"
  title="Vin blanc Bourgogne Chardonnay  CAVE AUGUSTIN FLORENT "
  rel=""
  target=""
  class="product-card-title product-card-title__reduced-line-clamp"
>
  

      

<h2 class="ds-title ds-title--s ds-title--medium">
  Vin blanc Bourgogne Chardonnay  CAVE AUGUSTIN FLORENT 
</h2>
</a>
      
                

    

<div class="ds-body-text ds-body-text--size-s ds-body-text--color-standard-3 product-card-packaging">
      la bouteille de 75cL
  </div>
      
                

    

<div class="ds-body-text ds-body-text--size-s ds-body-text--color-standard-3 product-card-per-unit-label">
      7.80 € / Litre
  </div>
      
      </div>
      <div class="ds-product-card--vertical-image">
                
<a
  href="/p/vin-blanc-bourgogne-chardonnay-cave-augustin-florent-3245414686335?t=27074"
  title="Vin blanc Bourgogne Chardonnay  CAVE AUGUSTIN FLORENT "
  rel=""
  target=""
  class="product-card-image"
>
  <img
      src="/images/loader-dots.svg"        data-src="/media/280x280/Photosite/PGC/BOISSONS/3245414686335_PHOTOSITE_20171114_135038_0.jpg?placeholder=1"        alt="Vin blanc Bourgogne Chardonnay  CAVE AUGUSTIN FLORENT "
  class="image image--hidden image--lazy product-card-image__image"
/>
</a>
      
      </div>
    </div>
        
    
  </div>
  <div>
    <div class="ds-product-card--vertical-promotion">
      
    </div>
    <div class="ds-product-card--vertical-flex">
              
    

    


<div class="product-card-price">
  <div class="product-card-price__price">
    

    

<span class="ds-title ds-title--m product-card-price__price--final">
  5,85€
</span>

      </div>
</div>
      
      <div class="ds-product-card--vertical-cta">
                  
<form
  is="add-to-cart"
  id="data-produit-acheter"
  class="add-to-cart"
  :product="{&quot;type&quot;:&quot;product&quot;,&quot;id&quot;:&quot;product-3245414686335&quot;,&quot;attributes&quot;:{&quot;ean&quot;:&quot;3245414686335&quot;,&quot;cdbase&quot;:&quot;3720321&quot;,&quot;title&quot;:&quot;Vin blanc Bourgogne Chardonnay  CAVE AUGUSTIN FLORENT &quot;,&quot;brand&quot;:&quot;CAVE AUGUSTIN FLOREN&quot;,&quot;slug&quot;:&quot;vin-blanc-bourgogne-chardonnay-cave-augustin-florent&quot;,&quot;availability&quot;:{&quot;indispensable&quot;:false,&quot;purchasable&quot;:true,&quot;stopped&quot;:false,&quot;suspended&quot;:false,&quot;suspensionReason&quot;:null,&quot;checkable&quot;:false,&quot;currentStoreOffer&quot;:null},&quot;price&quot;:{&quot;price&quot;:5.8499999999999996,&quot;unitOfMeasure&quot;:&quot;Litre&quot;,&quot;perUnitLabel&quot;:&quot;7.80 \u20ac \/ Litre&quot;,&quot;taxMessage&quot;:&quot;&quot;,&quot;perUnit&quot;:7.7999999999999998},&quot;ordering&quot;:{&quot;min&quot;:1,&quot;step&quot;:1,&quot;max&quot;:36},&quot;offerServiceId&quot;:&quot;0261-150-6&quot;,&quot;uri&quot;:&quot;boissons\/cave-a-vins\/vins-blancs\/bourgogne&quot;,&quot;categories&quot;:[{&quot;id&quot;:&quot;27070&quot;,&quot;code&quot;:&quot;R10&quot;,&quot;slug&quot;:&quot;boissons&quot;,&quot;label&quot;:&quot;Boissons&quot;,&quot;uri&quot;:&quot;boissons&quot;,&quot;type&quot;:&quot;RAYON&quot;,&quot;level&quot;:1,&quot;sellerId&quot;:null},{&quot;id&quot;:&quot;27074&quot;,&quot;code&quot;:&quot;R10F02&quot;,&quot;slug&quot;:&quot;cave-a-vins&quot;,&quot;label&quot;:&quot;Cave \u00e0 vins&quot;,&quot;uri&quot;:&quot;boissons\/cave-a-vins&quot;,&quot;type&quot;:&quot;RAYON&quot;,&quot;level&quot;:2,&quot;sellerId&quot;:null},{&quot;id&quot;:&quot;27106&quot;,&quot;code&quot;:&quot;R10F02SF02&quot;,&quot;slug&quot;:&quot;vins-blancs&quot;,&quot;label&quot;:&quot;Vins blancs&quot;,&quot;uri&quot;:&quot;boissons\/cave-a-vins\/vins-blancs&quot;,&quot;type&quot;:&quot;RAYON&quot;,&quot;level&quot;:3,&quot;sellerId&quot;:null},{&quot;id&quot;:&quot;27151&quot;,&quot;code&quot;:&quot;R10F02SF02SS01&quot;,&quot;slug&quot;:&quot;bourgogne&quot;,&quot;label&quot;:&quot;Bourgogne&quot;,&quot;uri&quot;:&quot;boissons\/cave-a-vins\/vins-blancs\/bourgogne&quot;,&quot;type&quot;:&quot;RAYON&quot;,&quot;level&quot;:4,&quot;sellerId&quot;:null}],&quot;topCategoryName&quot;:&quot;Boissons&quot;,&quot;images&quot;:[{&quot;largest&quot;:&quot;\/media\/1500x1500\/Photosite\/PGC\/BOISSONS\/3245414686335_PHOTOSITE_20171114_135038_0.jpg?placeholder=1&quot;,&quot;1500x1500&quot;:&quot;\/media\/1500x1500\/Photosite\/PGC\/BOISSONS\/3245414686335_PHOTOSITE_20171114_135038_0.jpg?placeholder=1&quot;,&quot;540x540&quot;:&quot;\/media\/540x540\/Photosite\/PGC\/BOISSONS\/3245414686335_PHOTOSITE_20171114_135038_0.jpg?placeholder=1&quot;,&quot;380x380&quot;:&quot;\/media\/380x380\/Photosite\/PGC\/BOISSONS\/3245414686335_PHOTOSITE_20171114_135038_0.jpg?placeholder=1&quot;,&quot;340x340&quot;:&quot;\/media\/340x340\/Photosite\/PGC\/BOISSONS\/3245414686335_PHOTOSITE_20171114_135038_0.jpg?placeholder=1&quot;,&quot;340x240&quot;:&quot;\/media\/340x240\/Photosite\/PGC\/BOISSONS\/3245414686335_PHOTOSITE_20171114_135038_0.jpg?placeholder=1&quot;,&quot;280x280&quot;:&quot;\/media\/280x280\/Photosite\/PGC\/BOISSONS\/3245414686335_PHOTOSITE_20171114_135038_0.jpg?placeholder=1&quot;,&quot;195x195&quot;:&quot;\/media\/195x195\/Photosite\/PGC\/BOISSONS\/3245414686335_PHOTOSITE_20171114_135038_0.jpg?placeholder=1&quot;,&quot;150x150&quot;:&quot;\/media\/150x150\/Photosite\/PGC\/BOISSONS\/3245414686335_PHOTOSITE_20171114_135038_0.jpg?placeholder=1&quot;,&quot;43x43&quot;:&quot;\/media\/43x43\/Photosite\/PGC\/BOISSONS\/3245414686335_PHOTOSITE_20171114_135038_0.jpg?placeholder=1&quot;},{&quot;largest&quot;:&quot;\/media\/1500x1500\/Photosite\/PGC\/BOISSONS\/3245414686335_PHOTOSITE_20140327_183353_7.jpg?placeholder=1&quot;,&quot;1500x1500&quot;:&quot;\/media\/1500x1500\/Photosite\/PGC\/BOISSONS\/3245414686335_PHOTOSITE_20140327_183353_7.jpg?placeholder=1&quot;,&quot;540x540&quot;:&quot;\/media\/540x540\/Photosite\/PGC\/BOISSONS\/3245414686335_PHOTOSITE_20140327_183353_7.jpg?placeholder=1&quot;,&quot;380x380&quot;:&quot;\/media\/380x380\/Photosite\/PGC\/BOISSONS\/3245414686335_PHOTOSITE_20140327_183353_7.jpg?placeholder=1&quot;,&quot;340x340&quot;:&quot;\/media\/340x340\/Photosite\/PGC\/BOISSONS\/3245414686335_PHOTOSITE_20140327_183353_7.jpg?placeholder=1&quot;,&quot;340x240&quot;:&quot;\/media\/340x240\/Photosite\/PGC\/BOISSONS\/3245414686335_PHOTOSITE_20140327_183353_7.jpg?placeholder=1&quot;,&quot;280x280&quot;:&quot;\/media\/280x280\/Photosite\/PGC\/BOISSONS\/3245414686335_PHOTOSITE_20140327_183353_7.jpg?placeholder=1&quot;,&quot;195x195&quot;:&quot;\/media\/195x195\/Photosite\/PGC\/BOISSONS\/3245414686335_PHOTOSITE_20140327_183353_7.jpg?placeholder=1&quot;,&quot;150x150&quot;:&quot;\/media\/150x150\/Photosite\/PGC\/BOISSONS\/3245414686335_PHOTOSITE_20140327_183353_7.jpg?placeholder=1&quot;,&quot;43x43&quot;:&quot;\/media\/43x43\/Photosite\/PGC\/BOISSONS\/3245414686335_PHOTOSITE_20140327_183353_7.jpg?placeholder=1&quot;}],&quot;promotion&quot;:null,&quot;isDonation&quot;:false,&quot;highlightLabel&quot;:null,&quot;seller&quot;:null,&quot;sellerId&quot;:null,&quot;marketplace&quot;:null,&quot;freshness&quot;:null,&quot;traceability&quot;:null,&quot;flags&quot;:[],&quot;clubs&quot;:[],&quot;packaging&quot;:&quot;la bouteille de 75cL&quot;,&quot;origin&quot;:&quot;&quot;,&quot;format&quot;:&quot;75cL&quot;},&quot;relationships&quot;:{&quot;substitution&quot;:null},&quot;meta&quot;:{&quot;recommendation&quot;:null,&quot;cta&quot;:&quot;buy&quot;,&quot;features&quot;:{&quot;shoppingList&quot;:true,&quot;deletable&quot;:false,&quot;swap&quot;:false,&quot;feedback&quot;:false,&quot;freshness&quot;:true}},&quot;links&quot;:{&quot;self&quot;:&quot;\/p\/vin-blanc-bourgogne-chardonnay-cave-augustin-florent-3245414686335?t=27074&quot;}}"
  is-click-and-collect=""
  offer-service-id="0261-150-6"
  basket-service-id=""
  :render-context="{&quot;zone&quot;:&quot;product-list&quot;,&quot;clickAndCollectEnable&quot;:true}" >
  

<button
  class="pl-button pl-button--primary"
        
>
      <span class="pl-button__label">
                    </span>
  </button>
</form>

      
      </div>
    </div>
      </div>
</article>
</div>

                    </li>
            
                <li class="product-grid-item " >
    
                        


<div
  is="ds-product-card"
  class="ds-product-card__twigwrap"
  :index="19"
  :product="{&quot;type&quot;:&quot;product&quot;,&quot;id&quot;:&quot;product-3179077062802&quot;,&quot;attributes&quot;:{&quot;ean&quot;:&quot;3179077062802&quot;,&quot;cdbase&quot;:&quot;2082217&quot;,&quot;title&quot;:&quot;Vin Rouge Vall\u00e9e du Rh\u00f4ne C\u00f4tes du Rh\u00f4ne Grenache - Syrah - Mourv\u00e8dre CELLIER DES DAUPHINS \&quot;PRESTIGE\&quot;&quot;,&quot;brand&quot;:&quot;REFS.SANS MARQUE&quot;,&quot;slug&quot;:&quot;vin-rouge-vallee-du-rhone-cotes-du-rhone-grenache-syrah-mourvedre-cellier-des-dauphins-prestige&quot;,&quot;availability&quot;:{&quot;indispensable&quot;:false,&quot;purchasable&quot;:true,&quot;stopped&quot;:false,&quot;suspended&quot;:false,&quot;suspensionReason&quot;:null,&quot;checkable&quot;:false,&quot;currentStoreOffer&quot;:null},&quot;price&quot;:{&quot;price&quot;:10.800000000000001,&quot;unitOfMeasure&quot;:&quot;Litre&quot;,&quot;perUnitLabel&quot;:&quot;3.60 \u20ac \/ Litre&quot;,&quot;taxMessage&quot;:&quot;&quot;,&quot;perUnit&quot;:3.6000000000000001},&quot;ordering&quot;:{&quot;min&quot;:1,&quot;step&quot;:1,&quot;max&quot;:36},&quot;offerServiceId&quot;:&quot;0261-150-6&quot;,&quot;uri&quot;:&quot;boissons\/cave-a-vins\/fontaines-vins&quot;,&quot;categories&quot;:[{&quot;id&quot;:&quot;27070&quot;,&quot;code&quot;:&quot;R10&quot;,&quot;slug&quot;:&quot;boissons&quot;,&quot;label&quot;:&quot;Boissons&quot;,&quot;uri&quot;:&quot;boissons&quot;,&quot;type&quot;:&quot;RAYON&quot;,&quot;level&quot;:1,&quot;sellerId&quot;:null},{&quot;id&quot;:&quot;27074&quot;,&quot;code&quot;:&quot;R10F02&quot;,&quot;slug&quot;:&quot;cave-a-vins&quot;,&quot;label&quot;:&quot;Cave \u00e0 vins&quot;,&quot;uri&quot;:&quot;boissons\/cave-a-vins&quot;,&quot;type&quot;:&quot;RAYON&quot;,&quot;level&quot;:2,&quot;sellerId&quot;:null},{&quot;id&quot;:&quot;27140&quot;,&quot;code&quot;:&quot;R10F02SF05&quot;,&quot;slug&quot;:&quot;fontaines-vins&quot;,&quot;label&quot;:&quot;Fontaines \u00e0 vins&quot;,&quot;uri&quot;:&quot;boissons\/cave-a-vins\/fontaines-vins&quot;,&quot;type&quot;:&quot;RAYON&quot;,&quot;level&quot;:3,&quot;sellerId&quot;:null}],&quot;topCategoryName&quot;:&quot;Boissons&quot;,&quot;images&quot;:[{&quot;largest&quot;:&quot;\/media\/1500x1500\/Photosite\/PGC\/BOISSONS\/3179077062802_PHOTOSITE_20200924_163805_0.jpg?placeholder=1&quot;,&quot;1500x1500&quot;:&quot;\/media\/1500x1500\/Photosite\/PGC\/BOISSONS\/3179077062802_PHOTOSITE_20200924_163805_0.jpg?placeholder=1&quot;,&quot;540x540&quot;:&quot;\/media\/540x540\/Photosite\/PGC\/BOISSONS\/3179077062802_PHOTOSITE_20200924_163805_0.jpg?placeholder=1&quot;,&quot;380x380&quot;:&quot;\/media\/380x380\/Photosite\/PGC\/BOISSONS\/3179077062802_PHOTOSITE_20200924_163805_0.jpg?placeholder=1&quot;,&quot;340x340&quot;:&quot;\/media\/340x340\/Photosite\/PGC\/BOISSONS\/3179077062802_PHOTOSITE_20200924_163805_0.jpg?placeholder=1&quot;,&quot;340x240&quot;:&quot;\/media\/340x240\/Photosite\/PGC\/BOISSONS\/3179077062802_PHOTOSITE_20200924_163805_0.jpg?placeholder=1&quot;,&quot;280x280&quot;:&quot;\/media\/280x280\/Photosite\/PGC\/BOISSONS\/3179077062802_PHOTOSITE_20200924_163805_0.jpg?placeholder=1&quot;,&quot;195x195&quot;:&quot;\/media\/195x195\/Photosite\/PGC\/BOISSONS\/3179077062802_PHOTOSITE_20200924_163805_0.jpg?placeholder=1&quot;,&quot;150x150&quot;:&quot;\/media\/150x150\/Photosite\/PGC\/BOISSONS\/3179077062802_PHOTOSITE_20200924_163805_0.jpg?placeholder=1&quot;,&quot;43x43&quot;:&quot;\/media\/43x43\/Photosite\/PGC\/BOISSONS\/3179077062802_PHOTOSITE_20200924_163805_0.jpg?placeholder=1&quot;}],&quot;promotion&quot;:null,&quot;isDonation&quot;:false,&quot;highlightLabel&quot;:null,&quot;seller&quot;:null,&quot;sellerId&quot;:null,&quot;marketplace&quot;:null,&quot;freshness&quot;:null,&quot;traceability&quot;:null,&quot;flags&quot;:[],&quot;clubs&quot;:[],&quot;packaging&quot;:&quot;la fontaine de 3L&quot;,&quot;origin&quot;:&quot;&quot;,&quot;format&quot;:&quot;3L&quot;},&quot;relationships&quot;:{&quot;substitution&quot;:null},&quot;meta&quot;:{&quot;recommendation&quot;:null,&quot;cta&quot;:&quot;buy&quot;,&quot;features&quot;:{&quot;shoppingList&quot;:true,&quot;deletable&quot;:false,&quot;swap&quot;:false,&quot;feedback&quot;:false,&quot;freshness&quot;:true}},&quot;links&quot;:{&quot;self&quot;:&quot;\/p\/vin-rouge-vallee-du-rhone-cotes-du-rhone-grenache-syrah-mourvedre-cellier-des-dauphins-prestige-3179077062802?t=27074&quot;}}"
  layout="vertical"
  :render-context="{&quot;zone&quot;:&quot;product-list&quot;,&quot;clickAndCollectEnable&quot;:true}"
  >
  <article class="ds-product-card ds-product-card--vertical">
  <div>
              <div class="ds-product-card--vertical-icons">
                <div
  class="add-to-shoppinglist"
  ean="3179077062802"
  is="add-to-shoppinglist"
></div>
      
        
      </div>
        <div class="ds-product-card--vertical-highlightlabel">
      
    </div>
    <div class="ds-product-card--vertical-infos">
      <div class="ds-product-card--vertical-text">
                
<a
  href="/p/vin-rouge-vallee-du-rhone-cotes-du-rhone-grenache-syrah-mourvedre-cellier-des-dauphins-prestige-3179077062802?t=27074"
  title="Vin Rouge Vallée du Rhône Côtes du Rhône Grenache - Syrah - Mourvèdre CELLIER DES DAUPHINS &quot;PRESTIGE&quot;"
  rel=""
  target=""
  class="product-card-title product-card-title__reduced-line-clamp"
>
  

      

<h2 class="ds-title ds-title--s ds-title--medium">
  Vin Rouge Vallée du Rhône Côtes du Rhône Grenache - Syrah - Mourvèdre CELLIER DES DAUPHINS &quot;PRESTIGE&quot;
</h2>
</a>
      
                

    

<div class="ds-body-text ds-body-text--size-s ds-body-text--color-standard-3 product-card-packaging">
      la fontaine de 3L
  </div>
      
                

    

<div class="ds-body-text ds-body-text--size-s ds-body-text--color-standard-3 product-card-per-unit-label">
      3.60 € / Litre
  </div>
      
      </div>
      <div class="ds-product-card--vertical-image">
                
<a
  href="/p/vin-rouge-vallee-du-rhone-cotes-du-rhone-grenache-syrah-mourvedre-cellier-des-dauphins-prestige-3179077062802?t=27074"
  title="Vin Rouge Vallée du Rhône Côtes du Rhône Grenache - Syrah - Mourvèdre CELLIER DES DAUPHINS &quot;PRESTIGE&quot;"
  rel=""
  target=""
  class="product-card-image"
>
  <img
      src="/images/loader-dots.svg"        data-src="/media/280x280/Photosite/PGC/BOISSONS/3179077062802_PHOTOSITE_20200924_163805_0.jpg?placeholder=1"        alt="Vin Rouge Vallée du Rhône Côtes du Rhône Grenache - Syrah - Mourvèdre CELLIER DES DAUPHINS &quot;PRESTIGE&quot;"
  class="image image--hidden image--lazy product-card-image__image"
/>
</a>
      
      </div>
    </div>
        
    
  </div>
  <div>
    <div class="ds-product-card--vertical-promotion">
      
    </div>
    <div class="ds-product-card--vertical-flex">
              
    

    


<div class="product-card-price">
  <div class="product-card-price__price">
    

    

<span class="ds-title ds-title--m product-card-price__price--final">
  10,80€
</span>

      </div>
</div>
      
      <div class="ds-product-card--vertical-cta">
                  
<form
  is="add-to-cart"
  id="data-produit-acheter"
  class="add-to-cart"
  :product="{&quot;type&quot;:&quot;product&quot;,&quot;id&quot;:&quot;product-3179077062802&quot;,&quot;attributes&quot;:{&quot;ean&quot;:&quot;3179077062802&quot;,&quot;cdbase&quot;:&quot;2082217&quot;,&quot;title&quot;:&quot;Vin Rouge Vall\u00e9e du Rh\u00f4ne C\u00f4tes du Rh\u00f4ne Grenache - Syrah - Mourv\u00e8dre CELLIER DES DAUPHINS \&quot;PRESTIGE\&quot;&quot;,&quot;brand&quot;:&quot;REFS.SANS MARQUE&quot;,&quot;slug&quot;:&quot;vin-rouge-vallee-du-rhone-cotes-du-rhone-grenache-syrah-mourvedre-cellier-des-dauphins-prestige&quot;,&quot;availability&quot;:{&quot;indispensable&quot;:false,&quot;purchasable&quot;:true,&quot;stopped&quot;:false,&quot;suspended&quot;:false,&quot;suspensionReason&quot;:null,&quot;checkable&quot;:false,&quot;currentStoreOffer&quot;:null},&quot;price&quot;:{&quot;price&quot;:10.800000000000001,&quot;unitOfMeasure&quot;:&quot;Litre&quot;,&quot;perUnitLabel&quot;:&quot;3.60 \u20ac \/ Litre&quot;,&quot;taxMessage&quot;:&quot;&quot;,&quot;perUnit&quot;:3.6000000000000001},&quot;ordering&quot;:{&quot;min&quot;:1,&quot;step&quot;:1,&quot;max&quot;:36},&quot;offerServiceId&quot;:&quot;0261-150-6&quot;,&quot;uri&quot;:&quot;boissons\/cave-a-vins\/fontaines-vins&quot;,&quot;categories&quot;:[{&quot;id&quot;:&quot;27070&quot;,&quot;code&quot;:&quot;R10&quot;,&quot;slug&quot;:&quot;boissons&quot;,&quot;label&quot;:&quot;Boissons&quot;,&quot;uri&quot;:&quot;boissons&quot;,&quot;type&quot;:&quot;RAYON&quot;,&quot;level&quot;:1,&quot;sellerId&quot;:null},{&quot;id&quot;:&quot;27074&quot;,&quot;code&quot;:&quot;R10F02&quot;,&quot;slug&quot;:&quot;cave-a-vins&quot;,&quot;label&quot;:&quot;Cave \u00e0 vins&quot;,&quot;uri&quot;:&quot;boissons\/cave-a-vins&quot;,&quot;type&quot;:&quot;RAYON&quot;,&quot;level&quot;:2,&quot;sellerId&quot;:null},{&quot;id&quot;:&quot;27140&quot;,&quot;code&quot;:&quot;R10F02SF05&quot;,&quot;slug&quot;:&quot;fontaines-vins&quot;,&quot;label&quot;:&quot;Fontaines \u00e0 vins&quot;,&quot;uri&quot;:&quot;boissons\/cave-a-vins\/fontaines-vins&quot;,&quot;type&quot;:&quot;RAYON&quot;,&quot;level&quot;:3,&quot;sellerId&quot;:null}],&quot;topCategoryName&quot;:&quot;Boissons&quot;,&quot;images&quot;:[{&quot;largest&quot;:&quot;\/media\/1500x1500\/Photosite\/PGC\/BOISSONS\/3179077062802_PHOTOSITE_20200924_163805_0.jpg?placeholder=1&quot;,&quot;1500x1500&quot;:&quot;\/media\/1500x1500\/Photosite\/PGC\/BOISSONS\/3179077062802_PHOTOSITE_20200924_163805_0.jpg?placeholder=1&quot;,&quot;540x540&quot;:&quot;\/media\/540x540\/Photosite\/PGC\/BOISSONS\/3179077062802_PHOTOSITE_20200924_163805_0.jpg?placeholder=1&quot;,&quot;380x380&quot;:&quot;\/media\/380x380\/Photosite\/PGC\/BOISSONS\/3179077062802_PHOTOSITE_20200924_163805_0.jpg?placeholder=1&quot;,&quot;340x340&quot;:&quot;\/media\/340x340\/Photosite\/PGC\/BOISSONS\/3179077062802_PHOTOSITE_20200924_163805_0.jpg?placeholder=1&quot;,&quot;340x240&quot;:&quot;\/media\/340x240\/Photosite\/PGC\/BOISSONS\/3179077062802_PHOTOSITE_20200924_163805_0.jpg?placeholder=1&quot;,&quot;280x280&quot;:&quot;\/media\/280x280\/Photosite\/PGC\/BOISSONS\/3179077062802_PHOTOSITE_20200924_163805_0.jpg?placeholder=1&quot;,&quot;195x195&quot;:&quot;\/media\/195x195\/Photosite\/PGC\/BOISSONS\/3179077062802_PHOTOSITE_20200924_163805_0.jpg?placeholder=1&quot;,&quot;150x150&quot;:&quot;\/media\/150x150\/Photosite\/PGC\/BOISSONS\/3179077062802_PHOTOSITE_20200924_163805_0.jpg?placeholder=1&quot;,&quot;43x43&quot;:&quot;\/media\/43x43\/Photosite\/PGC\/BOISSONS\/3179077062802_PHOTOSITE_20200924_163805_0.jpg?placeholder=1&quot;}],&quot;promotion&quot;:null,&quot;isDonation&quot;:false,&quot;highlightLabel&quot;:null,&quot;seller&quot;:null,&quot;sellerId&quot;:null,&quot;marketplace&quot;:null,&quot;freshness&quot;:null,&quot;traceability&quot;:null,&quot;flags&quot;:[],&quot;clubs&quot;:[],&quot;packaging&quot;:&quot;la fontaine de 3L&quot;,&quot;origin&quot;:&quot;&quot;,&quot;format&quot;:&quot;3L&quot;},&quot;relationships&quot;:{&quot;substitution&quot;:null},&quot;meta&quot;:{&quot;recommendation&quot;:null,&quot;cta&quot;:&quot;buy&quot;,&quot;features&quot;:{&quot;shoppingList&quot;:true,&quot;deletable&quot;:false,&quot;swap&quot;:false,&quot;feedback&quot;:false,&quot;freshness&quot;:true}},&quot;links&quot;:{&quot;self&quot;:&quot;\/p\/vin-rouge-vallee-du-rhone-cotes-du-rhone-grenache-syrah-mourvedre-cellier-des-dauphins-prestige-3179077062802?t=27074&quot;}}"
  is-click-and-collect=""
  offer-service-id="0261-150-6"
  basket-service-id=""
  :render-context="{&quot;zone&quot;:&quot;product-list&quot;,&quot;clickAndCollectEnable&quot;:true}" >
  

<button
  class="pl-button pl-button--primary"
        
>
      <span class="pl-button__label">
                    </span>
  </button>
</form>

      
      </div>
    </div>
      </div>
</article>
</div>

                    </li>
            
                <li class="product-grid-item " >
    
                        


<div
  is="ds-product-card"
  class="ds-product-card__twigwrap"
  :index="20"
  :product="{&quot;type&quot;:&quot;product&quot;,&quot;id&quot;:&quot;product-3245415713412&quot;,&quot;attributes&quot;:{&quot;ean&quot;:&quot;3245415713412&quot;,&quot;cdbase&quot;:&quot;6190438&quot;,&quot;title&quot;:&quot;Vin rouge Bordeaux Merlot - Caberent Sauvignon BIO CHATEAU LARGE MALLARTIC LA CAVE D&#039;AUGUSTIN FLORENT&quot;,&quot;brand&quot;:&quot;CARREFOUR BIO&quot;,&quot;slug&quot;:&quot;vin-rouge-bordeaux-merlot-caberent-sauvignon-bio-chateau-large-mallartic-la-cave-d-augustin-florent&quot;,&quot;availability&quot;:{&quot;indispensable&quot;:false,&quot;purchasable&quot;:true,&quot;stopped&quot;:false,&quot;suspended&quot;:false,&quot;suspensionReason&quot;:null,&quot;checkable&quot;:false,&quot;currentStoreOffer&quot;:null},&quot;price&quot;:{&quot;price&quot;:14.25,&quot;unitOfMeasure&quot;:&quot;Litre&quot;,&quot;perUnitLabel&quot;:&quot;4.75 \u20ac \/ Litre&quot;,&quot;taxMessage&quot;:&quot;&quot;,&quot;perUnit&quot;:4.75},&quot;ordering&quot;:{&quot;min&quot;:1,&quot;step&quot;:1,&quot;max&quot;:36},&quot;offerServiceId&quot;:&quot;0261-150-6&quot;,&quot;uri&quot;:&quot;boissons\/cave-a-vins\/fontaines-vins&quot;,&quot;categories&quot;:[{&quot;id&quot;:&quot;1838&quot;,&quot;code&quot;:&quot;R02&quot;,&quot;slug&quot;:&quot;bio-et-ecologie&quot;,&quot;label&quot;:&quot;Bio et Ecologie&quot;,&quot;uri&quot;:&quot;bio-et-ecologie&quot;,&quot;type&quot;:&quot;RAYON&quot;,&quot;level&quot;:1,&quot;sellerId&quot;:null},{&quot;id&quot;:&quot;1865&quot;,&quot;code&quot;:&quot;R02F07&quot;,&quot;slug&quot;:&quot;boissons&quot;,&quot;label&quot;:&quot;Boissons&quot;,&quot;uri&quot;:&quot;bio-et-ecologie\/boissons&quot;,&quot;type&quot;:&quot;RAYON&quot;,&quot;level&quot;:2,&quot;sellerId&quot;:null},{&quot;id&quot;:&quot;1869&quot;,&quot;code&quot;:&quot;R02F07SF01&quot;,&quot;slug&quot;:&quot;vins-cidres-et-bieres&quot;,&quot;label&quot;:&quot;Vins, Cidres et Bi\u00e8res&quot;,&quot;uri&quot;:&quot;bio-et-ecologie\/boissons\/vins-cidres-et-bieres&quot;,&quot;type&quot;:&quot;RAYON&quot;,&quot;level&quot;:3,&quot;sellerId&quot;:null}],&quot;topCategoryName&quot;:&quot;Bio et Ecologie&quot;,&quot;images&quot;:[{&quot;largest&quot;:&quot;\/media\/1500x1500\/Photosite\/PGC\/BOISSONS\/3245415713412_PHOTOSITE_20190215_045107_0.jpg?placeholder=1&quot;,&quot;1500x1500&quot;:&quot;\/media\/1500x1500\/Photosite\/PGC\/BOISSONS\/3245415713412_PHOTOSITE_20190215_045107_0.jpg?placeholder=1&quot;,&quot;540x540&quot;:&quot;\/media\/540x540\/Photosite\/PGC\/BOISSONS\/3245415713412_PHOTOSITE_20190215_045107_0.jpg?placeholder=1&quot;,&quot;380x380&quot;:&quot;\/media\/380x380\/Photosite\/PGC\/BOISSONS\/3245415713412_PHOTOSITE_20190215_045107_0.jpg?placeholder=1&quot;,&quot;340x340&quot;:&quot;\/media\/340x340\/Photosite\/PGC\/BOISSONS\/3245415713412_PHOTOSITE_20190215_045107_0.jpg?placeholder=1&quot;,&quot;340x240&quot;:&quot;\/media\/340x240\/Photosite\/PGC\/BOISSONS\/3245415713412_PHOTOSITE_20190215_045107_0.jpg?placeholder=1&quot;,&quot;280x280&quot;:&quot;\/media\/280x280\/Photosite\/PGC\/BOISSONS\/3245415713412_PHOTOSITE_20190215_045107_0.jpg?placeholder=1&quot;,&quot;195x195&quot;:&quot;\/media\/195x195\/Photosite\/PGC\/BOISSONS\/3245415713412_PHOTOSITE_20190215_045107_0.jpg?placeholder=1&quot;,&quot;150x150&quot;:&quot;\/media\/150x150\/Photosite\/PGC\/BOISSONS\/3245415713412_PHOTOSITE_20190215_045107_0.jpg?placeholder=1&quot;,&quot;43x43&quot;:&quot;\/media\/43x43\/Photosite\/PGC\/BOISSONS\/3245415713412_PHOTOSITE_20190215_045107_0.jpg?placeholder=1&quot;}],&quot;promotion&quot;:null,&quot;isDonation&quot;:false,&quot;highlightLabel&quot;:null,&quot;seller&quot;:null,&quot;sellerId&quot;:null,&quot;marketplace&quot;:null,&quot;freshness&quot;:null,&quot;traceability&quot;:null,&quot;flags&quot;:[&quot;flag.common.organic&quot;],&quot;clubs&quot;:[],&quot;packaging&quot;:&quot;la fontaine de 3L&quot;,&quot;origin&quot;:&quot;&quot;,&quot;format&quot;:&quot;3L&quot;},&quot;relationships&quot;:{&quot;substitution&quot;:null},&quot;meta&quot;:{&quot;recommendation&quot;:null,&quot;cta&quot;:&quot;buy&quot;,&quot;features&quot;:{&quot;shoppingList&quot;:true,&quot;deletable&quot;:false,&quot;swap&quot;:false,&quot;feedback&quot;:false,&quot;freshness&quot;:true}},&quot;links&quot;:{&quot;self&quot;:&quot;\/p\/vin-rouge-bordeaux-merlot-caberent-sauvignon-bio-chateau-large-mallartic-la-cave-d-augustin-florent-3245415713412?t=27074&quot;}}"
  layout="vertical"
  :render-context="{&quot;zone&quot;:&quot;product-list&quot;,&quot;clickAndCollectEnable&quot;:true}"
  >
  <article class="ds-product-card ds-product-card--vertical">
  <div>
              <div class="ds-product-card--vertical-icons">
                <div
  class="add-to-shoppinglist"
  ean="3245415713412"
  is="add-to-shoppinglist"
></div>
      
        
      </div>
        <div class="ds-product-card--vertical-highlightlabel">
      
    </div>
    <div class="ds-product-card--vertical-infos">
      <div class="ds-product-card--vertical-text">
                
<a
  href="/p/vin-rouge-bordeaux-merlot-caberent-sauvignon-bio-chateau-large-mallartic-la-cave-d-augustin-florent-3245415713412?t=27074"
  title="Vin rouge Bordeaux Merlot - Caberent Sauvignon BIO CHATEAU LARGE MALLARTIC LA CAVE D&#039;AUGUSTIN FLORENT"
  rel=""
  target=""
  class="product-card-title product-card-title__reduced-line-clamp"
>
  

      

<h2 class="ds-title ds-title--s ds-title--medium">
  Vin rouge Bordeaux Merlot - Caberent Sauvignon BIO CHATEAU LARGE MALLARTIC LA CAVE D&#039;AUGUSTIN FLORENT
</h2>
</a>
      
                

    

<div class="ds-body-text ds-body-text--size-s ds-body-text--color-standard-3 product-card-packaging">
      la fontaine de 3L
  </div>
      
                

    

<div class="ds-body-text ds-body-text--size-s ds-body-text--color-standard-3 product-card-per-unit-label">
      4.75 € / Litre
  </div>
      
      </div>
      <div class="ds-product-card--vertical-image">
                
<a
  href="/p/vin-rouge-bordeaux-merlot-caberent-sauvignon-bio-chateau-large-mallartic-la-cave-d-augustin-florent-3245415713412?t=27074"
  title="Vin rouge Bordeaux Merlot - Caberent Sauvignon BIO CHATEAU LARGE MALLARTIC LA CAVE D&#039;AUGUSTIN FLORENT"
  rel=""
  target=""
  class="product-card-image"
>
  <img
      src="/images/loader-dots.svg"        data-src="/media/280x280/Photosite/PGC/BOISSONS/3245415713412_PHOTOSITE_20190215_045107_0.jpg?placeholder=1"        alt="Vin rouge Bordeaux Merlot - Caberent Sauvignon BIO CHATEAU LARGE MALLARTIC LA CAVE D&#039;AUGUSTIN FLORENT"
  class="image image--hidden image--lazy product-card-image__image"
/>
</a>
      
      </div>
    </div>
          <div class="ds-product-card--vertical-badges">
                

  <ul class="product-badges-list" is="product-badges-list" :flags="[&quot;flag.common.organic&quot;]" :modifiers="[&quot;size-m&quot;]">
                            <li class="product-badges-list__item">
            

<a class="product-badge__link product-badge--flag-common-organ product-badge--size-m" href="#flag.common.organic" data-flag-id="flag.common.organic">
  <picture class="product-badge__icon">
    <img
      src="/images/badges/flag-common-organic.svg"         alt="Produit Bio"
  class="image product-badge__icon__img"
/>
  </picture>
  <span class="product-badge__title">Produit Bio</span>
</a>
          </li>
                    </ul>
      
      </div>
        
    
  </div>
  <div>
    <div class="ds-product-card--vertical-promotion">
      
    </div>
    <div class="ds-product-card--vertical-flex">
              
    

    


<div class="product-card-price">
  <div class="product-card-price__price">
    

    

<span class="ds-title ds-title--m product-card-price__price--final">
  14,25€
</span>

      </div>
</div>
      
      <div class="ds-product-card--vertical-cta">
                  
<form
  is="add-to-cart"
  id="data-produit-acheter"
  class="add-to-cart"
  :product="{&quot;type&quot;:&quot;product&quot;,&quot;id&quot;:&quot;product-3245415713412&quot;,&quot;attributes&quot;:{&quot;ean&quot;:&quot;3245415713412&quot;,&quot;cdbase&quot;:&quot;6190438&quot;,&quot;title&quot;:&quot;Vin rouge Bordeaux Merlot - Caberent Sauvignon BIO CHATEAU LARGE MALLARTIC LA CAVE D&#039;AUGUSTIN FLORENT&quot;,&quot;brand&quot;:&quot;CARREFOUR BIO&quot;,&quot;slug&quot;:&quot;vin-rouge-bordeaux-merlot-caberent-sauvignon-bio-chateau-large-mallartic-la-cave-d-augustin-florent&quot;,&quot;availability&quot;:{&quot;indispensable&quot;:false,&quot;purchasable&quot;:true,&quot;stopped&quot;:false,&quot;suspended&quot;:false,&quot;suspensionReason&quot;:null,&quot;checkable&quot;:false,&quot;currentStoreOffer&quot;:null},&quot;price&quot;:{&quot;price&quot;:14.25,&quot;unitOfMeasure&quot;:&quot;Litre&quot;,&quot;perUnitLabel&quot;:&quot;4.75 \u20ac \/ Litre&quot;,&quot;taxMessage&quot;:&quot;&quot;,&quot;perUnit&quot;:4.75},&quot;ordering&quot;:{&quot;min&quot;:1,&quot;step&quot;:1,&quot;max&quot;:36},&quot;offerServiceId&quot;:&quot;0261-150-6&quot;,&quot;uri&quot;:&quot;boissons\/cave-a-vins\/fontaines-vins&quot;,&quot;categories&quot;:[{&quot;id&quot;:&quot;1838&quot;,&quot;code&quot;:&quot;R02&quot;,&quot;slug&quot;:&quot;bio-et-ecologie&quot;,&quot;label&quot;:&quot;Bio et Ecologie&quot;,&quot;uri&quot;:&quot;bio-et-ecologie&quot;,&quot;type&quot;:&quot;RAYON&quot;,&quot;level&quot;:1,&quot;sellerId&quot;:null},{&quot;id&quot;:&quot;1865&quot;,&quot;code&quot;:&quot;R02F07&quot;,&quot;slug&quot;:&quot;boissons&quot;,&quot;label&quot;:&quot;Boissons&quot;,&quot;uri&quot;:&quot;bio-et-ecologie\/boissons&quot;,&quot;type&quot;:&quot;RAYON&quot;,&quot;level&quot;:2,&quot;sellerId&quot;:null},{&quot;id&quot;:&quot;1869&quot;,&quot;code&quot;:&quot;R02F07SF01&quot;,&quot;slug&quot;:&quot;vins-cidres-et-bieres&quot;,&quot;label&quot;:&quot;Vins, Cidres et Bi\u00e8res&quot;,&quot;uri&quot;:&quot;bio-et-ecologie\/boissons\/vins-cidres-et-bieres&quot;,&quot;type&quot;:&quot;RAYON&quot;,&quot;level&quot;:3,&quot;sellerId&quot;:null}],&quot;topCategoryName&quot;:&quot;Bio et Ecologie&quot;,&quot;images&quot;:[{&quot;largest&quot;:&quot;\/media\/1500x1500\/Photosite\/PGC\/BOISSONS\/3245415713412_PHOTOSITE_20190215_045107_0.jpg?placeholder=1&quot;,&quot;1500x1500&quot;:&quot;\/media\/1500x1500\/Photosite\/PGC\/BOISSONS\/3245415713412_PHOTOSITE_20190215_045107_0.jpg?placeholder=1&quot;,&quot;540x540&quot;:&quot;\/media\/540x540\/Photosite\/PGC\/BOISSONS\/3245415713412_PHOTOSITE_20190215_045107_0.jpg?placeholder=1&quot;,&quot;380x380&quot;:&quot;\/media\/380x380\/Photosite\/PGC\/BOISSONS\/3245415713412_PHOTOSITE_20190215_045107_0.jpg?placeholder=1&quot;,&quot;340x340&quot;:&quot;\/media\/340x340\/Photosite\/PGC\/BOISSONS\/3245415713412_PHOTOSITE_20190215_045107_0.jpg?placeholder=1&quot;,&quot;340x240&quot;:&quot;\/media\/340x240\/Photosite\/PGC\/BOISSONS\/3245415713412_PHOTOSITE_20190215_045107_0.jpg?placeholder=1&quot;,&quot;280x280&quot;:&quot;\/media\/280x280\/Photosite\/PGC\/BOISSONS\/3245415713412_PHOTOSITE_20190215_045107_0.jpg?placeholder=1&quot;,&quot;195x195&quot;:&quot;\/media\/195x195\/Photosite\/PGC\/BOISSONS\/3245415713412_PHOTOSITE_20190215_045107_0.jpg?placeholder=1&quot;,&quot;150x150&quot;:&quot;\/media\/150x150\/Photosite\/PGC\/BOISSONS\/3245415713412_PHOTOSITE_20190215_045107_0.jpg?placeholder=1&quot;,&quot;43x43&quot;:&quot;\/media\/43x43\/Photosite\/PGC\/BOISSONS\/3245415713412_PHOTOSITE_20190215_045107_0.jpg?placeholder=1&quot;}],&quot;promotion&quot;:null,&quot;isDonation&quot;:false,&quot;highlightLabel&quot;:null,&quot;seller&quot;:null,&quot;sellerId&quot;:null,&quot;marketplace&quot;:null,&quot;freshness&quot;:null,&quot;traceability&quot;:null,&quot;flags&quot;:[&quot;flag.common.organic&quot;],&quot;clubs&quot;:[],&quot;packaging&quot;:&quot;la fontaine de 3L&quot;,&quot;origin&quot;:&quot;&quot;,&quot;format&quot;:&quot;3L&quot;},&quot;relationships&quot;:{&quot;substitution&quot;:null},&quot;meta&quot;:{&quot;recommendation&quot;:null,&quot;cta&quot;:&quot;buy&quot;,&quot;features&quot;:{&quot;shoppingList&quot;:true,&quot;deletable&quot;:false,&quot;swap&quot;:false,&quot;feedback&quot;:false,&quot;freshness&quot;:true}},&quot;links&quot;:{&quot;self&quot;:&quot;\/p\/vin-rouge-bordeaux-merlot-caberent-sauvignon-bio-chateau-large-mallartic-la-cave-d-augustin-florent-3245415713412?t=27074&quot;}}"
  is-click-and-collect=""
  offer-service-id="0261-150-6"
  basket-service-id=""
  :render-context="{&quot;zone&quot;:&quot;product-list&quot;,&quot;clickAndCollectEnable&quot;:true}" >
  

<button
  class="pl-button pl-button--primary"
        
>
      <span class="pl-button__label">
                    </span>
  </button>
</form>

      
      </div>
    </div>
      </div>
</article>
</div>

                    </li>
            
                <li class="product-grid-item " >
    
                        


<div
  is="ds-product-card"
  class="ds-product-card__twigwrap"
  :index="21"
  :product="{&quot;type&quot;:&quot;product&quot;,&quot;id&quot;:&quot;product-7804320303178&quot;,&quot;attributes&quot;:{&quot;ean&quot;:&quot;7804320303178&quot;,&quot;cdbase&quot;:&quot;1226204&quot;,&quot;title&quot;:&quot;Vin Rouge Vins \u00e9trangers Chili Cabernet Sauvignon CONCHA Y TORO CASILLERO DEL DIABLO CABERNET SAUVIGNON&quot;,&quot;brand&quot;:&quot;REFS.SANS MARQUE&quot;,&quot;slug&quot;:&quot;vin-rouge-vins-etrangers-chili-cabernet-sauvignon-concha-y-toro-casillero-del-diablo-cabernet-sauvig&quot;,&quot;availability&quot;:{&quot;indispensable&quot;:false,&quot;purchasable&quot;:true,&quot;stopped&quot;:false,&quot;suspended&quot;:false,&quot;suspensionReason&quot;:null,&quot;checkable&quot;:false,&quot;currentStoreOffer&quot;:null},&quot;price&quot;:{&quot;price&quot;:7.6500000000000004,&quot;unitOfMeasure&quot;:&quot;Litre&quot;,&quot;perUnitLabel&quot;:&quot;10.20 \u20ac \/ Litre&quot;,&quot;taxMessage&quot;:&quot;&quot;,&quot;perUnit&quot;:10.199999999999999},&quot;ordering&quot;:{&quot;min&quot;:1,&quot;step&quot;:1,&quot;max&quot;:36},&quot;offerServiceId&quot;:&quot;0261-150-6&quot;,&quot;uri&quot;:&quot;boissons\/cave-a-vins\/vins-etrangers&quot;,&quot;categories&quot;:[{&quot;id&quot;:&quot;27070&quot;,&quot;code&quot;:&quot;R10&quot;,&quot;slug&quot;:&quot;boissons&quot;,&quot;label&quot;:&quot;Boissons&quot;,&quot;uri&quot;:&quot;boissons&quot;,&quot;type&quot;:&quot;RAYON&quot;,&quot;level&quot;:1,&quot;sellerId&quot;:null},{&quot;id&quot;:&quot;27074&quot;,&quot;code&quot;:&quot;R10F02&quot;,&quot;slug&quot;:&quot;cave-a-vins&quot;,&quot;label&quot;:&quot;Cave \u00e0 vins&quot;,&quot;uri&quot;:&quot;boissons\/cave-a-vins&quot;,&quot;type&quot;:&quot;RAYON&quot;,&quot;level&quot;:2,&quot;sellerId&quot;:null},{&quot;id&quot;:&quot;27139&quot;,&quot;code&quot;:&quot;R10F02SF04&quot;,&quot;slug&quot;:&quot;vins-etrangers&quot;,&quot;label&quot;:&quot;Vins \u00e9trangers&quot;,&quot;uri&quot;:&quot;boissons\/cave-a-vins\/vins-etrangers&quot;,&quot;type&quot;:&quot;RAYON&quot;,&quot;level&quot;:3,&quot;sellerId&quot;:null}],&quot;topCategoryName&quot;:&quot;Boissons&quot;,&quot;images&quot;:[{&quot;largest&quot;:&quot;\/media\/1500x1500\/Photosite\/PGC\/BOISSONS\/7804320303178_PHOTOSITE_20200804_075622_0.jpg?placeholder=1&quot;,&quot;1500x1500&quot;:&quot;\/media\/1500x1500\/Photosite\/PGC\/BOISSONS\/7804320303178_PHOTOSITE_20200804_075622_0.jpg?placeholder=1&quot;,&quot;540x540&quot;:&quot;\/media\/540x540\/Photosite\/PGC\/BOISSONS\/7804320303178_PHOTOSITE_20200804_075622_0.jpg?placeholder=1&quot;,&quot;380x380&quot;:&quot;\/media\/380x380\/Photosite\/PGC\/BOISSONS\/7804320303178_PHOTOSITE_20200804_075622_0.jpg?placeholder=1&quot;,&quot;340x340&quot;:&quot;\/media\/340x340\/Photosite\/PGC\/BOISSONS\/7804320303178_PHOTOSITE_20200804_075622_0.jpg?placeholder=1&quot;,&quot;340x240&quot;:&quot;\/media\/340x240\/Photosite\/PGC\/BOISSONS\/7804320303178_PHOTOSITE_20200804_075622_0.jpg?placeholder=1&quot;,&quot;280x280&quot;:&quot;\/media\/280x280\/Photosite\/PGC\/BOISSONS\/7804320303178_PHOTOSITE_20200804_075622_0.jpg?placeholder=1&quot;,&quot;195x195&quot;:&quot;\/media\/195x195\/Photosite\/PGC\/BOISSONS\/7804320303178_PHOTOSITE_20200804_075622_0.jpg?placeholder=1&quot;,&quot;150x150&quot;:&quot;\/media\/150x150\/Photosite\/PGC\/BOISSONS\/7804320303178_PHOTOSITE_20200804_075622_0.jpg?placeholder=1&quot;,&quot;43x43&quot;:&quot;\/media\/43x43\/Photosite\/PGC\/BOISSONS\/7804320303178_PHOTOSITE_20200804_075622_0.jpg?placeholder=1&quot;}],&quot;promotion&quot;:null,&quot;isDonation&quot;:false,&quot;highlightLabel&quot;:null,&quot;seller&quot;:null,&quot;sellerId&quot;:null,&quot;marketplace&quot;:null,&quot;freshness&quot;:null,&quot;traceability&quot;:null,&quot;flags&quot;:[&quot;flag.common.glutenfree&quot;],&quot;clubs&quot;:[],&quot;packaging&quot;:&quot;la bouteille de 75cL&quot;,&quot;origin&quot;:&quot;&quot;,&quot;format&quot;:&quot;75cL&quot;},&quot;relationships&quot;:{&quot;substitution&quot;:null},&quot;meta&quot;:{&quot;recommendation&quot;:null,&quot;cta&quot;:&quot;buy&quot;,&quot;features&quot;:{&quot;shoppingList&quot;:true,&quot;deletable&quot;:false,&quot;swap&quot;:false,&quot;feedback&quot;:false,&quot;freshness&quot;:true}},&quot;links&quot;:{&quot;self&quot;:&quot;\/p\/vin-rouge-vins-etrangers-chili-cabernet-sauvignon-concha-y-toro-casillero-del-diablo-cabernet-sauvig-7804320303178?t=27074&quot;}}"
  layout="vertical"
  :render-context="{&quot;zone&quot;:&quot;product-list&quot;,&quot;clickAndCollectEnable&quot;:true}"
  >
  <article class="ds-product-card ds-product-card--vertical">
  <div>
              <div class="ds-product-card--vertical-icons">
                <div
  class="add-to-shoppinglist"
  ean="7804320303178"
  is="add-to-shoppinglist"
></div>
      
        
      </div>
        <div class="ds-product-card--vertical-highlightlabel">
      
    </div>
    <div class="ds-product-card--vertical-infos">
      <div class="ds-product-card--vertical-text">
                
<a
  href="/p/vin-rouge-vins-etrangers-chili-cabernet-sauvignon-concha-y-toro-casillero-del-diablo-cabernet-sauvig-7804320303178?t=27074"
  title="Vin Rouge Vins étrangers Chili Cabernet Sauvignon CONCHA Y TORO CASILLERO DEL DIABLO CABERNET SAUVIGNON"
  rel=""
  target=""
  class="product-card-title product-card-title__reduced-line-clamp"
>
  

      

<h2 class="ds-title ds-title--s ds-title--medium">
  Vin Rouge Vins étrangers Chili Cabernet Sauvignon CONCHA Y TORO CASILLERO DEL DIABLO CABERNET SAUVIGNON
</h2>
</a>
      
                

    

<div class="ds-body-text ds-body-text--size-s ds-body-text--color-standard-3 product-card-packaging">
      la bouteille de 75cL
  </div>
      
                

    

<div class="ds-body-text ds-body-text--size-s ds-body-text--color-standard-3 product-card-per-unit-label">
      10.20 € / Litre
  </div>
      
      </div>
      <div class="ds-product-card--vertical-image">
                
<a
  href="/p/vin-rouge-vins-etrangers-chili-cabernet-sauvignon-concha-y-toro-casillero-del-diablo-cabernet-sauvig-7804320303178?t=27074"
  title="Vin Rouge Vins étrangers Chili Cabernet Sauvignon CONCHA Y TORO CASILLERO DEL DIABLO CABERNET SAUVIGNON"
  rel=""
  target=""
  class="product-card-image"
>
  <img
      src="/images/loader-dots.svg"        data-src="/media/280x280/Photosite/PGC/BOISSONS/7804320303178_PHOTOSITE_20200804_075622_0.jpg?placeholder=1"        alt="Vin Rouge Vins étrangers Chili Cabernet Sauvignon CONCHA Y TORO CASILLERO DEL DIABLO CABERNET SAUVIGNON"
  class="image image--hidden image--lazy product-card-image__image"
/>
</a>
      
      </div>
    </div>
          <div class="ds-product-card--vertical-badges">
                

  <ul class="product-badges-list" is="product-badges-list" :flags="[&quot;flag.common.glutenfree&quot;]" :modifiers="[&quot;size-m&quot;]">
                            <li class="product-badges-list__item">
            

<a class="product-badge__link product-badge--flag-common-glutenfr product-badge--size-m" href="#flag.common.glutenfree" data-flag-id="flag.common.glutenfree">
  <picture class="product-badge__icon">
    <img
      src="/images/badges/flag-common-glutenfree.svg"         alt="Sans gluten"
  class="image product-badge__icon__img"
/>
  </picture>
  <span class="product-badge__title">Sans gluten</span>
</a>
          </li>
                    </ul>
      
      </div>
        
    
  </div>
  <div>
    <div class="ds-product-card--vertical-promotion">
      
    </div>
    <div class="ds-product-card--vertical-flex">
              
    

    


<div class="product-card-price">
  <div class="product-card-price__price">
    

    

<span class="ds-title ds-title--m product-card-price__price--final">
  7,65€
</span>

      </div>
</div>
      
      <div class="ds-product-card--vertical-cta">
                  
<form
  is="add-to-cart"
  id="data-produit-acheter"
  class="add-to-cart"
  :product="{&quot;type&quot;:&quot;product&quot;,&quot;id&quot;:&quot;product-7804320303178&quot;,&quot;attributes&quot;:{&quot;ean&quot;:&quot;7804320303178&quot;,&quot;cdbase&quot;:&quot;1226204&quot;,&quot;title&quot;:&quot;Vin Rouge Vins \u00e9trangers Chili Cabernet Sauvignon CONCHA Y TORO CASILLERO DEL DIABLO CABERNET SAUVIGNON&quot;,&quot;brand&quot;:&quot;REFS.SANS MARQUE&quot;,&quot;slug&quot;:&quot;vin-rouge-vins-etrangers-chili-cabernet-sauvignon-concha-y-toro-casillero-del-diablo-cabernet-sauvig&quot;,&quot;availability&quot;:{&quot;indispensable&quot;:false,&quot;purchasable&quot;:true,&quot;stopped&quot;:false,&quot;suspended&quot;:false,&quot;suspensionReason&quot;:null,&quot;checkable&quot;:false,&quot;currentStoreOffer&quot;:null},&quot;price&quot;:{&quot;price&quot;:7.6500000000000004,&quot;unitOfMeasure&quot;:&quot;Litre&quot;,&quot;perUnitLabel&quot;:&quot;10.20 \u20ac \/ Litre&quot;,&quot;taxMessage&quot;:&quot;&quot;,&quot;perUnit&quot;:10.199999999999999},&quot;ordering&quot;:{&quot;min&quot;:1,&quot;step&quot;:1,&quot;max&quot;:36},&quot;offerServiceId&quot;:&quot;0261-150-6&quot;,&quot;uri&quot;:&quot;boissons\/cave-a-vins\/vins-etrangers&quot;,&quot;categories&quot;:[{&quot;id&quot;:&quot;27070&quot;,&quot;code&quot;:&quot;R10&quot;,&quot;slug&quot;:&quot;boissons&quot;,&quot;label&quot;:&quot;Boissons&quot;,&quot;uri&quot;:&quot;boissons&quot;,&quot;type&quot;:&quot;RAYON&quot;,&quot;level&quot;:1,&quot;sellerId&quot;:null},{&quot;id&quot;:&quot;27074&quot;,&quot;code&quot;:&quot;R10F02&quot;,&quot;slug&quot;:&quot;cave-a-vins&quot;,&quot;label&quot;:&quot;Cave \u00e0 vins&quot;,&quot;uri&quot;:&quot;boissons\/cave-a-vins&quot;,&quot;type&quot;:&quot;RAYON&quot;,&quot;level&quot;:2,&quot;sellerId&quot;:null},{&quot;id&quot;:&quot;27139&quot;,&quot;code&quot;:&quot;R10F02SF04&quot;,&quot;slug&quot;:&quot;vins-etrangers&quot;,&quot;label&quot;:&quot;Vins \u00e9trangers&quot;,&quot;uri&quot;:&quot;boissons\/cave-a-vins\/vins-etrangers&quot;,&quot;type&quot;:&quot;RAYON&quot;,&quot;level&quot;:3,&quot;sellerId&quot;:null}],&quot;topCategoryName&quot;:&quot;Boissons&quot;,&quot;images&quot;:[{&quot;largest&quot;:&quot;\/media\/1500x1500\/Photosite\/PGC\/BOISSONS\/7804320303178_PHOTOSITE_20200804_075622_0.jpg?placeholder=1&quot;,&quot;1500x1500&quot;:&quot;\/media\/1500x1500\/Photosite\/PGC\/BOISSONS\/7804320303178_PHOTOSITE_20200804_075622_0.jpg?placeholder=1&quot;,&quot;540x540&quot;:&quot;\/media\/540x540\/Photosite\/PGC\/BOISSONS\/7804320303178_PHOTOSITE_20200804_075622_0.jpg?placeholder=1&quot;,&quot;380x380&quot;:&quot;\/media\/380x380\/Photosite\/PGC\/BOISSONS\/7804320303178_PHOTOSITE_20200804_075622_0.jpg?placeholder=1&quot;,&quot;340x340&quot;:&quot;\/media\/340x340\/Photosite\/PGC\/BOISSONS\/7804320303178_PHOTOSITE_20200804_075622_0.jpg?placeholder=1&quot;,&quot;340x240&quot;:&quot;\/media\/340x240\/Photosite\/PGC\/BOISSONS\/7804320303178_PHOTOSITE_20200804_075622_0.jpg?placeholder=1&quot;,&quot;280x280&quot;:&quot;\/media\/280x280\/Photosite\/PGC\/BOISSONS\/7804320303178_PHOTOSITE_20200804_075622_0.jpg?placeholder=1&quot;,&quot;195x195&quot;:&quot;\/media\/195x195\/Photosite\/PGC\/BOISSONS\/7804320303178_PHOTOSITE_20200804_075622_0.jpg?placeholder=1&quot;,&quot;150x150&quot;:&quot;\/media\/150x150\/Photosite\/PGC\/BOISSONS\/7804320303178_PHOTOSITE_20200804_075622_0.jpg?placeholder=1&quot;,&quot;43x43&quot;:&quot;\/media\/43x43\/Photosite\/PGC\/BOISSONS\/7804320303178_PHOTOSITE_20200804_075622_0.jpg?placeholder=1&quot;}],&quot;promotion&quot;:null,&quot;isDonation&quot;:false,&quot;highlightLabel&quot;:null,&quot;seller&quot;:null,&quot;sellerId&quot;:null,&quot;marketplace&quot;:null,&quot;freshness&quot;:null,&quot;traceability&quot;:null,&quot;flags&quot;:[&quot;flag.common.glutenfree&quot;],&quot;clubs&quot;:[],&quot;packaging&quot;:&quot;la bouteille de 75cL&quot;,&quot;origin&quot;:&quot;&quot;,&quot;format&quot;:&quot;75cL&quot;},&quot;relationships&quot;:{&quot;substitution&quot;:null},&quot;meta&quot;:{&quot;recommendation&quot;:null,&quot;cta&quot;:&quot;buy&quot;,&quot;features&quot;:{&quot;shoppingList&quot;:true,&quot;deletable&quot;:false,&quot;swap&quot;:false,&quot;feedback&quot;:false,&quot;freshness&quot;:true}},&quot;links&quot;:{&quot;self&quot;:&quot;\/p\/vin-rouge-vins-etrangers-chili-cabernet-sauvignon-concha-y-toro-casillero-del-diablo-cabernet-sauvig-7804320303178?t=27074&quot;}}"
  is-click-and-collect=""
  offer-service-id="0261-150-6"
  basket-service-id=""
  :render-context="{&quot;zone&quot;:&quot;product-list&quot;,&quot;clickAndCollectEnable&quot;:true}" >
  

<button
  class="pl-button pl-button--primary"
        
>
      <span class="pl-button__label">
                    </span>
  </button>
</form>

      
      </div>
    </div>
      </div>
</article>
</div>

                    </li>
            
                <li class="product-grid-item " >
    
                        


<div
  is="ds-product-card"
  class="ds-product-card__twigwrap"
  :index="22"
  :product="{&quot;type&quot;:&quot;product&quot;,&quot;id&quot;:&quot;product-3245415039680&quot;,&quot;attributes&quot;:{&quot;ean&quot;:&quot;3245415039680&quot;,&quot;cdbase&quot;:&quot;4013111&quot;,&quot;title&quot;:&quot;Vin Ros\u00e9 Provence \/ Corse I.G.P. \u00cele de Beaut\u00e9 RESERVE DE PADULONE&quot;,&quot;brand&quot;:&quot;PADULONE&quot;,&quot;slug&quot;:&quot;vin-rose-provence-corse-i-g-p-ile-de-beaute-reserve-de-padulone&quot;,&quot;availability&quot;:{&quot;indispensable&quot;:false,&quot;purchasable&quot;:true,&quot;stopped&quot;:false,&quot;suspended&quot;:false,&quot;suspensionReason&quot;:null,&quot;checkable&quot;:false,&quot;currentStoreOffer&quot;:null},&quot;price&quot;:{&quot;price&quot;:15.85,&quot;unitOfMeasure&quot;:&quot;Litre&quot;,&quot;perUnitLabel&quot;:&quot;3.17 \u20ac \/ Litre&quot;,&quot;taxMessage&quot;:&quot;&quot;,&quot;perUnit&quot;:3.1699999999999999},&quot;ordering&quot;:{&quot;min&quot;:1,&quot;step&quot;:1,&quot;max&quot;:20},&quot;offerServiceId&quot;:&quot;0261-150-6&quot;,&quot;uri&quot;:&quot;boissons\/cave-a-vins\/fontaines-vins&quot;,&quot;categories&quot;:[{&quot;id&quot;:&quot;27070&quot;,&quot;code&quot;:&quot;R10&quot;,&quot;slug&quot;:&quot;boissons&quot;,&quot;label&quot;:&quot;Boissons&quot;,&quot;uri&quot;:&quot;boissons&quot;,&quot;type&quot;:&quot;RAYON&quot;,&quot;level&quot;:1,&quot;sellerId&quot;:null},{&quot;id&quot;:&quot;27074&quot;,&quot;code&quot;:&quot;R10F02&quot;,&quot;slug&quot;:&quot;cave-a-vins&quot;,&quot;label&quot;:&quot;Cave \u00e0 vins&quot;,&quot;uri&quot;:&quot;boissons\/cave-a-vins&quot;,&quot;type&quot;:&quot;RAYON&quot;,&quot;level&quot;:2,&quot;sellerId&quot;:null},{&quot;id&quot;:&quot;27140&quot;,&quot;code&quot;:&quot;R10F02SF05&quot;,&quot;slug&quot;:&quot;fontaines-vins&quot;,&quot;label&quot;:&quot;Fontaines \u00e0 vins&quot;,&quot;uri&quot;:&quot;boissons\/cave-a-vins\/fontaines-vins&quot;,&quot;type&quot;:&quot;RAYON&quot;,&quot;level&quot;:3,&quot;sellerId&quot;:null}],&quot;topCategoryName&quot;:&quot;Boissons&quot;,&quot;images&quot;:[{&quot;largest&quot;:&quot;\/media\/1500x1500\/Photosite\/PGC\/BOISSONS\/3245415039680_PHOTOSITE_20200428_062958_0.jpg?placeholder=1&quot;,&quot;1500x1500&quot;:&quot;\/media\/1500x1500\/Photosite\/PGC\/BOISSONS\/3245415039680_PHOTOSITE_20200428_062958_0.jpg?placeholder=1&quot;,&quot;540x540&quot;:&quot;\/media\/540x540\/Photosite\/PGC\/BOISSONS\/3245415039680_PHOTOSITE_20200428_062958_0.jpg?placeholder=1&quot;,&quot;380x380&quot;:&quot;\/media\/380x380\/Photosite\/PGC\/BOISSONS\/3245415039680_PHOTOSITE_20200428_062958_0.jpg?placeholder=1&quot;,&quot;340x340&quot;:&quot;\/media\/340x340\/Photosite\/PGC\/BOISSONS\/3245415039680_PHOTOSITE_20200428_062958_0.jpg?placeholder=1&quot;,&quot;340x240&quot;:&quot;\/media\/340x240\/Photosite\/PGC\/BOISSONS\/3245415039680_PHOTOSITE_20200428_062958_0.jpg?placeholder=1&quot;,&quot;280x280&quot;:&quot;\/media\/280x280\/Photosite\/PGC\/BOISSONS\/3245415039680_PHOTOSITE_20200428_062958_0.jpg?placeholder=1&quot;,&quot;195x195&quot;:&quot;\/media\/195x195\/Photosite\/PGC\/BOISSONS\/3245415039680_PHOTOSITE_20200428_062958_0.jpg?placeholder=1&quot;,&quot;150x150&quot;:&quot;\/media\/150x150\/Photosite\/PGC\/BOISSONS\/3245415039680_PHOTOSITE_20200428_062958_0.jpg?placeholder=1&quot;,&quot;43x43&quot;:&quot;\/media\/43x43\/Photosite\/PGC\/BOISSONS\/3245415039680_PHOTOSITE_20200428_062958_0.jpg?placeholder=1&quot;}],&quot;promotion&quot;:null,&quot;isDonation&quot;:false,&quot;highlightLabel&quot;:null,&quot;seller&quot;:null,&quot;sellerId&quot;:null,&quot;marketplace&quot;:null,&quot;freshness&quot;:null,&quot;traceability&quot;:null,&quot;flags&quot;:[&quot;flag.common.igp&quot;],&quot;clubs&quot;:[],&quot;packaging&quot;:&quot;la fontaine de 5L&quot;,&quot;origin&quot;:&quot;&quot;,&quot;format&quot;:&quot;5L&quot;},&quot;relationships&quot;:{&quot;substitution&quot;:null},&quot;meta&quot;:{&quot;recommendation&quot;:null,&quot;cta&quot;:&quot;buy&quot;,&quot;features&quot;:{&quot;shoppingList&quot;:true,&quot;deletable&quot;:false,&quot;swap&quot;:false,&quot;feedback&quot;:false,&quot;freshness&quot;:true}},&quot;links&quot;:{&quot;self&quot;:&quot;\/p\/vin-rose-provence-corse-i-g-p-ile-de-beaute-reserve-de-padulone-3245415039680?t=27074&quot;}}"
  layout="vertical"
  :render-context="{&quot;zone&quot;:&quot;product-list&quot;,&quot;clickAndCollectEnable&quot;:true}"
  >
  <article class="ds-product-card ds-product-card--vertical">
  <div>
              <div class="ds-product-card--vertical-icons">
                <div
  class="add-to-shoppinglist"
  ean="3245415039680"
  is="add-to-shoppinglist"
></div>
      
        
      </div>
        <div class="ds-product-card--vertical-highlightlabel">
      
    </div>
    <div class="ds-product-card--vertical-infos">
      <div class="ds-product-card--vertical-text">
                
<a
  href="/p/vin-rose-provence-corse-i-g-p-ile-de-beaute-reserve-de-padulone-3245415039680?t=27074"
  title="Vin Rosé Provence / Corse I.G.P. Île de Beauté RESERVE DE PADULONE"
  rel=""
  target=""
  class="product-card-title product-card-title__reduced-line-clamp"
>
  

      

<h2 class="ds-title ds-title--s ds-title--medium">
  Vin Rosé Provence / Corse I.G.P. Île de Beauté RESERVE DE PADULONE
</h2>
</a>
      
                

    

<div class="ds-body-text ds-body-text--size-s ds-body-text--color-standard-3 product-card-packaging">
      la fontaine de 5L
  </div>
      
                

    

<div class="ds-body-text ds-body-text--size-s ds-body-text--color-standard-3 product-card-per-unit-label">
      3.17 € / Litre
  </div>
      
      </div>
      <div class="ds-product-card--vertical-image">
                
<a
  href="/p/vin-rose-provence-corse-i-g-p-ile-de-beaute-reserve-de-padulone-3245415039680?t=27074"
  title="Vin Rosé Provence / Corse I.G.P. Île de Beauté RESERVE DE PADULONE"
  rel=""
  target=""
  class="product-card-image"
>
  <img
      src="/images/loader-dots.svg"        data-src="/media/280x280/Photosite/PGC/BOISSONS/3245415039680_PHOTOSITE_20200428_062958_0.jpg?placeholder=1"        alt="Vin Rosé Provence / Corse I.G.P. Île de Beauté RESERVE DE PADULONE"
  class="image image--hidden image--lazy product-card-image__image"
/>
</a>
      
      </div>
    </div>
          <div class="ds-product-card--vertical-badges">
                

  <ul class="product-badges-list" is="product-badges-list" :flags="[&quot;flag.common.igp&quot;]" :modifiers="[&quot;size-m&quot;]">
                            <li class="product-badges-list__item">
            

<a class="product-badge__link product-badge--flag-common-i product-badge--size-m" href="#flag.common.igp" data-flag-id="flag.common.igp">
  <picture class="product-badge__icon">
    <img
      src="/images/badges/flag-common-igp.svg"         alt="Indication géographique protégée"
  class="image product-badge__icon__img"
/>
  </picture>
  <span class="product-badge__title">Indication géographique protégée</span>
</a>
          </li>
                    </ul>
      
      </div>
        
    
  </div>
  <div>
    <div class="ds-product-card--vertical-promotion">
      
    </div>
    <div class="ds-product-card--vertical-flex">
              
    

    


<div class="product-card-price">
  <div class="product-card-price__price">
    

    

<span class="ds-title ds-title--m product-card-price__price--final">
  15,85€
</span>

      </div>
</div>
      
      <div class="ds-product-card--vertical-cta">
                  
<form
  is="add-to-cart"
  id="data-produit-acheter"
  class="add-to-cart"
  :product="{&quot;type&quot;:&quot;product&quot;,&quot;id&quot;:&quot;product-3245415039680&quot;,&quot;attributes&quot;:{&quot;ean&quot;:&quot;3245415039680&quot;,&quot;cdbase&quot;:&quot;4013111&quot;,&quot;title&quot;:&quot;Vin Ros\u00e9 Provence \/ Corse I.G.P. \u00cele de Beaut\u00e9 RESERVE DE PADULONE&quot;,&quot;brand&quot;:&quot;PADULONE&quot;,&quot;slug&quot;:&quot;vin-rose-provence-corse-i-g-p-ile-de-beaute-reserve-de-padulone&quot;,&quot;availability&quot;:{&quot;indispensable&quot;:false,&quot;purchasable&quot;:true,&quot;stopped&quot;:false,&quot;suspended&quot;:false,&quot;suspensionReason&quot;:null,&quot;checkable&quot;:false,&quot;currentStoreOffer&quot;:null},&quot;price&quot;:{&quot;price&quot;:15.85,&quot;unitOfMeasure&quot;:&quot;Litre&quot;,&quot;perUnitLabel&quot;:&quot;3.17 \u20ac \/ Litre&quot;,&quot;taxMessage&quot;:&quot;&quot;,&quot;perUnit&quot;:3.1699999999999999},&quot;ordering&quot;:{&quot;min&quot;:1,&quot;step&quot;:1,&quot;max&quot;:20},&quot;offerServiceId&quot;:&quot;0261-150-6&quot;,&quot;uri&quot;:&quot;boissons\/cave-a-vins\/fontaines-vins&quot;,&quot;categories&quot;:[{&quot;id&quot;:&quot;27070&quot;,&quot;code&quot;:&quot;R10&quot;,&quot;slug&quot;:&quot;boissons&quot;,&quot;label&quot;:&quot;Boissons&quot;,&quot;uri&quot;:&quot;boissons&quot;,&quot;type&quot;:&quot;RAYON&quot;,&quot;level&quot;:1,&quot;sellerId&quot;:null},{&quot;id&quot;:&quot;27074&quot;,&quot;code&quot;:&quot;R10F02&quot;,&quot;slug&quot;:&quot;cave-a-vins&quot;,&quot;label&quot;:&quot;Cave \u00e0 vins&quot;,&quot;uri&quot;:&quot;boissons\/cave-a-vins&quot;,&quot;type&quot;:&quot;RAYON&quot;,&quot;level&quot;:2,&quot;sellerId&quot;:null},{&quot;id&quot;:&quot;27140&quot;,&quot;code&quot;:&quot;R10F02SF05&quot;,&quot;slug&quot;:&quot;fontaines-vins&quot;,&quot;label&quot;:&quot;Fontaines \u00e0 vins&quot;,&quot;uri&quot;:&quot;boissons\/cave-a-vins\/fontaines-vins&quot;,&quot;type&quot;:&quot;RAYON&quot;,&quot;level&quot;:3,&quot;sellerId&quot;:null}],&quot;topCategoryName&quot;:&quot;Boissons&quot;,&quot;images&quot;:[{&quot;largest&quot;:&quot;\/media\/1500x1500\/Photosite\/PGC\/BOISSONS\/3245415039680_PHOTOSITE_20200428_062958_0.jpg?placeholder=1&quot;,&quot;1500x1500&quot;:&quot;\/media\/1500x1500\/Photosite\/PGC\/BOISSONS\/3245415039680_PHOTOSITE_20200428_062958_0.jpg?placeholder=1&quot;,&quot;540x540&quot;:&quot;\/media\/540x540\/Photosite\/PGC\/BOISSONS\/3245415039680_PHOTOSITE_20200428_062958_0.jpg?placeholder=1&quot;,&quot;380x380&quot;:&quot;\/media\/380x380\/Photosite\/PGC\/BOISSONS\/3245415039680_PHOTOSITE_20200428_062958_0.jpg?placeholder=1&quot;,&quot;340x340&quot;:&quot;\/media\/340x340\/Photosite\/PGC\/BOISSONS\/3245415039680_PHOTOSITE_20200428_062958_0.jpg?placeholder=1&quot;,&quot;340x240&quot;:&quot;\/media\/340x240\/Photosite\/PGC\/BOISSONS\/3245415039680_PHOTOSITE_20200428_062958_0.jpg?placeholder=1&quot;,&quot;280x280&quot;:&quot;\/media\/280x280\/Photosite\/PGC\/BOISSONS\/3245415039680_PHOTOSITE_20200428_062958_0.jpg?placeholder=1&quot;,&quot;195x195&quot;:&quot;\/media\/195x195\/Photosite\/PGC\/BOISSONS\/3245415039680_PHOTOSITE_20200428_062958_0.jpg?placeholder=1&quot;,&quot;150x150&quot;:&quot;\/media\/150x150\/Photosite\/PGC\/BOISSONS\/3245415039680_PHOTOSITE_20200428_062958_0.jpg?placeholder=1&quot;,&quot;43x43&quot;:&quot;\/media\/43x43\/Photosite\/PGC\/BOISSONS\/3245415039680_PHOTOSITE_20200428_062958_0.jpg?placeholder=1&quot;}],&quot;promotion&quot;:null,&quot;isDonation&quot;:false,&quot;highlightLabel&quot;:null,&quot;seller&quot;:null,&quot;sellerId&quot;:null,&quot;marketplace&quot;:null,&quot;freshness&quot;:null,&quot;traceability&quot;:null,&quot;flags&quot;:[&quot;flag.common.igp&quot;],&quot;clubs&quot;:[],&quot;packaging&quot;:&quot;la fontaine de 5L&quot;,&quot;origin&quot;:&quot;&quot;,&quot;format&quot;:&quot;5L&quot;},&quot;relationships&quot;:{&quot;substitution&quot;:null},&quot;meta&quot;:{&quot;recommendation&quot;:null,&quot;cta&quot;:&quot;buy&quot;,&quot;features&quot;:{&quot;shoppingList&quot;:true,&quot;deletable&quot;:false,&quot;swap&quot;:false,&quot;feedback&quot;:false,&quot;freshness&quot;:true}},&quot;links&quot;:{&quot;self&quot;:&quot;\/p\/vin-rose-provence-corse-i-g-p-ile-de-beaute-reserve-de-padulone-3245415039680?t=27074&quot;}}"
  is-click-and-collect=""
  offer-service-id="0261-150-6"
  basket-service-id=""
  :render-context="{&quot;zone&quot;:&quot;product-list&quot;,&quot;clickAndCollectEnable&quot;:true}" >
  

<button
  class="pl-button pl-button--primary"
        
>
      <span class="pl-button__label">
                    </span>
  </button>
</form>

      
      </div>
    </div>
      </div>
</article>
</div>

                    </li>
            
                <li class="product-grid-item " >
    
                        


<div
  is="ds-product-card"
  class="ds-product-card__twigwrap"
  :index="23"
  :product="{&quot;type&quot;:&quot;product&quot;,&quot;id&quot;:&quot;product-3296313186228&quot;,&quot;attributes&quot;:{&quot;ean&quot;:&quot;3296313186228&quot;,&quot;cdbase&quot;:&quot;5363432&quot;,&quot;title&quot;:&quot;Vin rouge Hautes-C\u00f4tes de Nuits  JEAN BOUCHARD &quot;,&quot;brand&quot;:&quot;REFS.SANS MARQUE&quot;,&quot;slug&quot;:&quot;vin-rouge-hautes-cotes-de-nuits-jean-bouchard&quot;,&quot;availability&quot;:{&quot;indispensable&quot;:false,&quot;purchasable&quot;:true,&quot;stopped&quot;:false,&quot;suspended&quot;:false,&quot;suspensionReason&quot;:null,&quot;checkable&quot;:false,&quot;currentStoreOffer&quot;:null},&quot;price&quot;:{&quot;price&quot;:9.8499999999999996,&quot;unitOfMeasure&quot;:&quot;Litre&quot;,&quot;perUnitLabel&quot;:&quot;13.13 \u20ac \/ Litre&quot;,&quot;taxMessage&quot;:&quot;&quot;,&quot;perUnit&quot;:13.130000000000001},&quot;ordering&quot;:{&quot;min&quot;:1,&quot;step&quot;:1,&quot;max&quot;:36},&quot;offerServiceId&quot;:&quot;0261-150-6&quot;,&quot;uri&quot;:&quot;boissons\/cave-a-vins\/vins-rouges\/bourgogne&quot;,&quot;categories&quot;:[{&quot;id&quot;:&quot;27070&quot;,&quot;code&quot;:&quot;R10&quot;,&quot;slug&quot;:&quot;boissons&quot;,&quot;label&quot;:&quot;Boissons&quot;,&quot;uri&quot;:&quot;boissons&quot;,&quot;type&quot;:&quot;RAYON&quot;,&quot;level&quot;:1,&quot;sellerId&quot;:null},{&quot;id&quot;:&quot;27074&quot;,&quot;code&quot;:&quot;R10F02&quot;,&quot;slug&quot;:&quot;cave-a-vins&quot;,&quot;label&quot;:&quot;Cave \u00e0 vins&quot;,&quot;uri&quot;:&quot;boissons\/cave-a-vins&quot;,&quot;type&quot;:&quot;RAYON&quot;,&quot;level&quot;:2,&quot;sellerId&quot;:null},{&quot;id&quot;:&quot;27105&quot;,&quot;code&quot;:&quot;R10F02SF01&quot;,&quot;slug&quot;:&quot;vins-rouges&quot;,&quot;label&quot;:&quot;Vins rouges&quot;,&quot;uri&quot;:&quot;boissons\/cave-a-vins\/vins-rouges&quot;,&quot;type&quot;:&quot;RAYON&quot;,&quot;level&quot;:3,&quot;sellerId&quot;:null},{&quot;id&quot;:&quot;27144&quot;,&quot;code&quot;:&quot;R10F02SF01SS04&quot;,&quot;slug&quot;:&quot;bourgogne&quot;,&quot;label&quot;:&quot;Bourgogne&quot;,&quot;uri&quot;:&quot;boissons\/cave-a-vins\/vins-rouges\/bourgogne&quot;,&quot;type&quot;:&quot;RAYON&quot;,&quot;level&quot;:4,&quot;sellerId&quot;:null}],&quot;topCategoryName&quot;:&quot;Boissons&quot;,&quot;images&quot;:[{&quot;largest&quot;:&quot;\/media\/1500x1500\/Photosite\/PGC\/BOISSONS\/3296313186228_PHOTOSITE_20201211_175033_0.jpg?placeholder=1&quot;,&quot;1500x1500&quot;:&quot;\/media\/1500x1500\/Photosite\/PGC\/BOISSONS\/3296313186228_PHOTOSITE_20201211_175033_0.jpg?placeholder=1&quot;,&quot;540x540&quot;:&quot;\/media\/540x540\/Photosite\/PGC\/BOISSONS\/3296313186228_PHOTOSITE_20201211_175033_0.jpg?placeholder=1&quot;,&quot;380x380&quot;:&quot;\/media\/380x380\/Photosite\/PGC\/BOISSONS\/3296313186228_PHOTOSITE_20201211_175033_0.jpg?placeholder=1&quot;,&quot;340x340&quot;:&quot;\/media\/340x340\/Photosite\/PGC\/BOISSONS\/3296313186228_PHOTOSITE_20201211_175033_0.jpg?placeholder=1&quot;,&quot;340x240&quot;:&quot;\/media\/340x240\/Photosite\/PGC\/BOISSONS\/3296313186228_PHOTOSITE_20201211_175033_0.jpg?placeholder=1&quot;,&quot;280x280&quot;:&quot;\/media\/280x280\/Photosite\/PGC\/BOISSONS\/3296313186228_PHOTOSITE_20201211_175033_0.jpg?placeholder=1&quot;,&quot;195x195&quot;:&quot;\/media\/195x195\/Photosite\/PGC\/BOISSONS\/3296313186228_PHOTOSITE_20201211_175033_0.jpg?placeholder=1&quot;,&quot;150x150&quot;:&quot;\/media\/150x150\/Photosite\/PGC\/BOISSONS\/3296313186228_PHOTOSITE_20201211_175033_0.jpg?placeholder=1&quot;,&quot;43x43&quot;:&quot;\/media\/43x43\/Photosite\/PGC\/BOISSONS\/3296313186228_PHOTOSITE_20201211_175033_0.jpg?placeholder=1&quot;}],&quot;promotion&quot;:null,&quot;isDonation&quot;:false,&quot;highlightLabel&quot;:null,&quot;seller&quot;:null,&quot;sellerId&quot;:null,&quot;marketplace&quot;:null,&quot;freshness&quot;:null,&quot;traceability&quot;:null,&quot;flags&quot;:[&quot;flag.common.vegetarian&quot;],&quot;clubs&quot;:[],&quot;packaging&quot;:&quot;la bouteille de 75cl&quot;,&quot;origin&quot;:&quot;&quot;,&quot;format&quot;:&quot;75cL&quot;},&quot;relationships&quot;:{&quot;substitution&quot;:null},&quot;meta&quot;:{&quot;recommendation&quot;:null,&quot;cta&quot;:&quot;buy&quot;,&quot;features&quot;:{&quot;shoppingList&quot;:true,&quot;deletable&quot;:false,&quot;swap&quot;:false,&quot;feedback&quot;:false,&quot;freshness&quot;:true}},&quot;links&quot;:{&quot;self&quot;:&quot;\/p\/vin-rouge-hautes-cotes-de-nuits-jean-bouchard-3296313186228?t=27074&quot;}}"
  layout="vertical"
  :render-context="{&quot;zone&quot;:&quot;product-list&quot;,&quot;clickAndCollectEnable&quot;:true}"
  >
  <article class="ds-product-card ds-product-card--vertical">
  <div>
              <div class="ds-product-card--vertical-icons">
                <div
  class="add-to-shoppinglist"
  ean="3296313186228"
  is="add-to-shoppinglist"
></div>
      
        
      </div>
        <div class="ds-product-card--vertical-highlightlabel">
      
    </div>
    <div class="ds-product-card--vertical-infos">
      <div class="ds-product-card--vertical-text">
                
<a
  href="/p/vin-rouge-hautes-cotes-de-nuits-jean-bouchard-3296313186228?t=27074"
  title="Vin rouge Hautes-Côtes de Nuits  JEAN BOUCHARD "
  rel=""
  target=""
  class="product-card-title product-card-title__reduced-line-clamp"
>
  

      

<h2 class="ds-title ds-title--s ds-title--medium">
  Vin rouge Hautes-Côtes de Nuits  JEAN BOUCHARD 
</h2>
</a>
      
                

    

<div class="ds-body-text ds-body-text--size-s ds-body-text--color-standard-3 product-card-packaging">
      la bouteille de 75cl
  </div>
      
                

    

<div class="ds-body-text ds-body-text--size-s ds-body-text--color-standard-3 product-card-per-unit-label">
      13.13 € / Litre
  </div>
      
      </div>
      <div class="ds-product-card--vertical-image">
                
<a
  href="/p/vin-rouge-hautes-cotes-de-nuits-jean-bouchard-3296313186228?t=27074"
  title="Vin rouge Hautes-Côtes de Nuits  JEAN BOUCHARD "
  rel=""
  target=""
  class="product-card-image"
>
  <img
      src="/images/loader-dots.svg"        data-src="/media/280x280/Photosite/PGC/BOISSONS/3296313186228_PHOTOSITE_20201211_175033_0.jpg?placeholder=1"        alt="Vin rouge Hautes-Côtes de Nuits  JEAN BOUCHARD "
  class="image image--hidden image--lazy product-card-image__image"
/>
</a>
      
      </div>
    </div>
          <div class="ds-product-card--vertical-badges">
                

  <ul class="product-badges-list" is="product-badges-list" :flags="[&quot;flag.common.vegetarian&quot;]" :modifiers="[&quot;size-m&quot;]">
                            <li class="product-badges-list__item">
            

<a class="product-badge__link product-badge--flag-common-vegetari product-badge--size-m" href="#flag.common.vegetarian" data-flag-id="flag.common.vegetarian">
  <picture class="product-badge__icon">
    <img
      src="/images/badges/flag-common-vegetarian.svg"         alt="Végétarien"
  class="image product-badge__icon__img"
/>
  </picture>
  <span class="product-badge__title">Végétarien</span>
</a>
          </li>
                    </ul>
      
      </div>
        
    
  </div>
  <div>
    <div class="ds-product-card--vertical-promotion">
      
    </div>
    <div class="ds-product-card--vertical-flex">
              
    

    


<div class="product-card-price">
  <div class="product-card-price__price">
    

    

<span class="ds-title ds-title--m product-card-price__price--final">
  9,85€
</span>

      </div>
</div>
      
      <div class="ds-product-card--vertical-cta">
                  
<form
  is="add-to-cart"
  id="data-produit-acheter"
  class="add-to-cart"
  :product="{&quot;type&quot;:&quot;product&quot;,&quot;id&quot;:&quot;product-3296313186228&quot;,&quot;attributes&quot;:{&quot;ean&quot;:&quot;3296313186228&quot;,&quot;cdbase&quot;:&quot;5363432&quot;,&quot;title&quot;:&quot;Vin rouge Hautes-C\u00f4tes de Nuits  JEAN BOUCHARD &quot;,&quot;brand&quot;:&quot;REFS.SANS MARQUE&quot;,&quot;slug&quot;:&quot;vin-rouge-hautes-cotes-de-nuits-jean-bouchard&quot;,&quot;availability&quot;:{&quot;indispensable&quot;:false,&quot;purchasable&quot;:true,&quot;stopped&quot;:false,&quot;suspended&quot;:false,&quot;suspensionReason&quot;:null,&quot;checkable&quot;:false,&quot;currentStoreOffer&quot;:null},&quot;price&quot;:{&quot;price&quot;:9.8499999999999996,&quot;unitOfMeasure&quot;:&quot;Litre&quot;,&quot;perUnitLabel&quot;:&quot;13.13 \u20ac \/ Litre&quot;,&quot;taxMessage&quot;:&quot;&quot;,&quot;perUnit&quot;:13.130000000000001},&quot;ordering&quot;:{&quot;min&quot;:1,&quot;step&quot;:1,&quot;max&quot;:36},&quot;offerServiceId&quot;:&quot;0261-150-6&quot;,&quot;uri&quot;:&quot;boissons\/cave-a-vins\/vins-rouges\/bourgogne&quot;,&quot;categories&quot;:[{&quot;id&quot;:&quot;27070&quot;,&quot;code&quot;:&quot;R10&quot;,&quot;slug&quot;:&quot;boissons&quot;,&quot;label&quot;:&quot;Boissons&quot;,&quot;uri&quot;:&quot;boissons&quot;,&quot;type&quot;:&quot;RAYON&quot;,&quot;level&quot;:1,&quot;sellerId&quot;:null},{&quot;id&quot;:&quot;27074&quot;,&quot;code&quot;:&quot;R10F02&quot;,&quot;slug&quot;:&quot;cave-a-vins&quot;,&quot;label&quot;:&quot;Cave \u00e0 vins&quot;,&quot;uri&quot;:&quot;boissons\/cave-a-vins&quot;,&quot;type&quot;:&quot;RAYON&quot;,&quot;level&quot;:2,&quot;sellerId&quot;:null},{&quot;id&quot;:&quot;27105&quot;,&quot;code&quot;:&quot;R10F02SF01&quot;,&quot;slug&quot;:&quot;vins-rouges&quot;,&quot;label&quot;:&quot;Vins rouges&quot;,&quot;uri&quot;:&quot;boissons\/cave-a-vins\/vins-rouges&quot;,&quot;type&quot;:&quot;RAYON&quot;,&quot;level&quot;:3,&quot;sellerId&quot;:null},{&quot;id&quot;:&quot;27144&quot;,&quot;code&quot;:&quot;R10F02SF01SS04&quot;,&quot;slug&quot;:&quot;bourgogne&quot;,&quot;label&quot;:&quot;Bourgogne&quot;,&quot;uri&quot;:&quot;boissons\/cave-a-vins\/vins-rouges\/bourgogne&quot;,&quot;type&quot;:&quot;RAYON&quot;,&quot;level&quot;:4,&quot;sellerId&quot;:null}],&quot;topCategoryName&quot;:&quot;Boissons&quot;,&quot;images&quot;:[{&quot;largest&quot;:&quot;\/media\/1500x1500\/Photosite\/PGC\/BOISSONS\/3296313186228_PHOTOSITE_20201211_175033_0.jpg?placeholder=1&quot;,&quot;1500x1500&quot;:&quot;\/media\/1500x1500\/Photosite\/PGC\/BOISSONS\/3296313186228_PHOTOSITE_20201211_175033_0.jpg?placeholder=1&quot;,&quot;540x540&quot;:&quot;\/media\/540x540\/Photosite\/PGC\/BOISSONS\/3296313186228_PHOTOSITE_20201211_175033_0.jpg?placeholder=1&quot;,&quot;380x380&quot;:&quot;\/media\/380x380\/Photosite\/PGC\/BOISSONS\/3296313186228_PHOTOSITE_20201211_175033_0.jpg?placeholder=1&quot;,&quot;340x340&quot;:&quot;\/media\/340x340\/Photosite\/PGC\/BOISSONS\/3296313186228_PHOTOSITE_20201211_175033_0.jpg?placeholder=1&quot;,&quot;340x240&quot;:&quot;\/media\/340x240\/Photosite\/PGC\/BOISSONS\/3296313186228_PHOTOSITE_20201211_175033_0.jpg?placeholder=1&quot;,&quot;280x280&quot;:&quot;\/media\/280x280\/Photosite\/PGC\/BOISSONS\/3296313186228_PHOTOSITE_20201211_175033_0.jpg?placeholder=1&quot;,&quot;195x195&quot;:&quot;\/media\/195x195\/Photosite\/PGC\/BOISSONS\/3296313186228_PHOTOSITE_20201211_175033_0.jpg?placeholder=1&quot;,&quot;150x150&quot;:&quot;\/media\/150x150\/Photosite\/PGC\/BOISSONS\/3296313186228_PHOTOSITE_20201211_175033_0.jpg?placeholder=1&quot;,&quot;43x43&quot;:&quot;\/media\/43x43\/Photosite\/PGC\/BOISSONS\/3296313186228_PHOTOSITE_20201211_175033_0.jpg?placeholder=1&quot;}],&quot;promotion&quot;:null,&quot;isDonation&quot;:false,&quot;highlightLabel&quot;:null,&quot;seller&quot;:null,&quot;sellerId&quot;:null,&quot;marketplace&quot;:null,&quot;freshness&quot;:null,&quot;traceability&quot;:null,&quot;flags&quot;:[&quot;flag.common.vegetarian&quot;],&quot;clubs&quot;:[],&quot;packaging&quot;:&quot;la bouteille de 75cl&quot;,&quot;origin&quot;:&quot;&quot;,&quot;format&quot;:&quot;75cL&quot;},&quot;relationships&quot;:{&quot;substitution&quot;:null},&quot;meta&quot;:{&quot;recommendation&quot;:null,&quot;cta&quot;:&quot;buy&quot;,&quot;features&quot;:{&quot;shoppingList&quot;:true,&quot;deletable&quot;:false,&quot;swap&quot;:false,&quot;feedback&quot;:false,&quot;freshness&quot;:true}},&quot;links&quot;:{&quot;self&quot;:&quot;\/p\/vin-rouge-hautes-cotes-de-nuits-jean-bouchard-3296313186228?t=27074&quot;}}"
  is-click-and-collect=""
  offer-service-id="0261-150-6"
  basket-service-id=""
  :render-context="{&quot;zone&quot;:&quot;product-list&quot;,&quot;clickAndCollectEnable&quot;:true}" >
  

<button
  class="pl-button pl-button--primary"
        
>
      <span class="pl-button__label">
                    </span>
  </button>
</form>

      
      </div>
    </div>
      </div>
</article>
</div>

                    </li>
            
                <li class="product-grid-item " >
    
                        


<div
  is="ds-product-card"
  class="ds-product-card__twigwrap"
  :index="24"
  :product="{&quot;type&quot;:&quot;product&quot;,&quot;id&quot;:&quot;product-3245414745759&quot;,&quot;attributes&quot;:{&quot;ean&quot;:&quot;3245414745759&quot;,&quot;cdbase&quot;:&quot;3750115&quot;,&quot;title&quot;:&quot;Vin rouge Brouilly  CAVE AUGUSTIN FLORENT &quot;,&quot;brand&quot;:&quot;CAVE AUGUSTIN FLOREN&quot;,&quot;slug&quot;:&quot;vin-rouge-brouilly-cave-augustin-florent&quot;,&quot;availability&quot;:{&quot;indispensable&quot;:false,&quot;purchasable&quot;:true,&quot;stopped&quot;:false,&quot;suspended&quot;:false,&quot;suspensionReason&quot;:null,&quot;checkable&quot;:false,&quot;currentStoreOffer&quot;:null},&quot;price&quot;:{&quot;price&quot;:5.5999999999999996,&quot;unitOfMeasure&quot;:&quot;Litre&quot;,&quot;perUnitLabel&quot;:&quot;7.47 \u20ac \/ Litre&quot;,&quot;taxMessage&quot;:&quot;&quot;,&quot;perUnit&quot;:7.4699999999999998},&quot;ordering&quot;:{&quot;min&quot;:1,&quot;step&quot;:1,&quot;max&quot;:36},&quot;offerServiceId&quot;:&quot;0261-150-6&quot;,&quot;uri&quot;:&quot;boissons\/cave-a-vins\/vins-rouges\/beaujolais&quot;,&quot;categories&quot;:[{&quot;id&quot;:&quot;27070&quot;,&quot;code&quot;:&quot;R10&quot;,&quot;slug&quot;:&quot;boissons&quot;,&quot;label&quot;:&quot;Boissons&quot;,&quot;uri&quot;:&quot;boissons&quot;,&quot;type&quot;:&quot;RAYON&quot;,&quot;level&quot;:1,&quot;sellerId&quot;:null},{&quot;id&quot;:&quot;27074&quot;,&quot;code&quot;:&quot;R10F02&quot;,&quot;slug&quot;:&quot;cave-a-vins&quot;,&quot;label&quot;:&quot;Cave \u00e0 vins&quot;,&quot;uri&quot;:&quot;boissons\/cave-a-vins&quot;,&quot;type&quot;:&quot;RAYON&quot;,&quot;level&quot;:2,&quot;sellerId&quot;:null},{&quot;id&quot;:&quot;27105&quot;,&quot;code&quot;:&quot;R10F02SF01&quot;,&quot;slug&quot;:&quot;vins-rouges&quot;,&quot;label&quot;:&quot;Vins rouges&quot;,&quot;uri&quot;:&quot;boissons\/cave-a-vins\/vins-rouges&quot;,&quot;type&quot;:&quot;RAYON&quot;,&quot;level&quot;:3,&quot;sellerId&quot;:null},{&quot;id&quot;:&quot;27146&quot;,&quot;code&quot;:&quot;R10F02SF01SS09&quot;,&quot;slug&quot;:&quot;beaujolais&quot;,&quot;label&quot;:&quot;Beaujolais&quot;,&quot;uri&quot;:&quot;boissons\/cave-a-vins\/vins-rouges\/beaujolais&quot;,&quot;type&quot;:&quot;RAYON&quot;,&quot;level&quot;:4,&quot;sellerId&quot;:null}],&quot;topCategoryName&quot;:&quot;Boissons&quot;,&quot;images&quot;:[{&quot;largest&quot;:&quot;\/media\/1500x1500\/Photosite\/PGC\/BOISSONS\/3245414745759_PHOTOSITE_20171110_161057_0.jpg?placeholder=1&quot;,&quot;1500x1500&quot;:&quot;\/media\/1500x1500\/Photosite\/PGC\/BOISSONS\/3245414745759_PHOTOSITE_20171110_161057_0.jpg?placeholder=1&quot;,&quot;540x540&quot;:&quot;\/media\/540x540\/Photosite\/PGC\/BOISSONS\/3245414745759_PHOTOSITE_20171110_161057_0.jpg?placeholder=1&quot;,&quot;380x380&quot;:&quot;\/media\/380x380\/Photosite\/PGC\/BOISSONS\/3245414745759_PHOTOSITE_20171110_161057_0.jpg?placeholder=1&quot;,&quot;340x340&quot;:&quot;\/media\/340x340\/Photosite\/PGC\/BOISSONS\/3245414745759_PHOTOSITE_20171110_161057_0.jpg?placeholder=1&quot;,&quot;340x240&quot;:&quot;\/media\/340x240\/Photosite\/PGC\/BOISSONS\/3245414745759_PHOTOSITE_20171110_161057_0.jpg?placeholder=1&quot;,&quot;280x280&quot;:&quot;\/media\/280x280\/Photosite\/PGC\/BOISSONS\/3245414745759_PHOTOSITE_20171110_161057_0.jpg?placeholder=1&quot;,&quot;195x195&quot;:&quot;\/media\/195x195\/Photosite\/PGC\/BOISSONS\/3245414745759_PHOTOSITE_20171110_161057_0.jpg?placeholder=1&quot;,&quot;150x150&quot;:&quot;\/media\/150x150\/Photosite\/PGC\/BOISSONS\/3245414745759_PHOTOSITE_20171110_161057_0.jpg?placeholder=1&quot;,&quot;43x43&quot;:&quot;\/media\/43x43\/Photosite\/PGC\/BOISSONS\/3245414745759_PHOTOSITE_20171110_161057_0.jpg?placeholder=1&quot;},{&quot;largest&quot;:&quot;\/media\/1500x1500\/Photosite\/PGC\/BOISSONS\/3245414745759_PHOTOSITE_20140327_201505_7.jpg?placeholder=1&quot;,&quot;1500x1500&quot;:&quot;\/media\/1500x1500\/Photosite\/PGC\/BOISSONS\/3245414745759_PHOTOSITE_20140327_201505_7.jpg?placeholder=1&quot;,&quot;540x540&quot;:&quot;\/media\/540x540\/Photosite\/PGC\/BOISSONS\/3245414745759_PHOTOSITE_20140327_201505_7.jpg?placeholder=1&quot;,&quot;380x380&quot;:&quot;\/media\/380x380\/Photosite\/PGC\/BOISSONS\/3245414745759_PHOTOSITE_20140327_201505_7.jpg?placeholder=1&quot;,&quot;340x340&quot;:&quot;\/media\/340x340\/Photosite\/PGC\/BOISSONS\/3245414745759_PHOTOSITE_20140327_201505_7.jpg?placeholder=1&quot;,&quot;340x240&quot;:&quot;\/media\/340x240\/Photosite\/PGC\/BOISSONS\/3245414745759_PHOTOSITE_20140327_201505_7.jpg?placeholder=1&quot;,&quot;280x280&quot;:&quot;\/media\/280x280\/Photosite\/PGC\/BOISSONS\/3245414745759_PHOTOSITE_20140327_201505_7.jpg?placeholder=1&quot;,&quot;195x195&quot;:&quot;\/media\/195x195\/Photosite\/PGC\/BOISSONS\/3245414745759_PHOTOSITE_20140327_201505_7.jpg?placeholder=1&quot;,&quot;150x150&quot;:&quot;\/media\/150x150\/Photosite\/PGC\/BOISSONS\/3245414745759_PHOTOSITE_20140327_201505_7.jpg?placeholder=1&quot;,&quot;43x43&quot;:&quot;\/media\/43x43\/Photosite\/PGC\/BOISSONS\/3245414745759_PHOTOSITE_20140327_201505_7.jpg?placeholder=1&quot;}],&quot;promotion&quot;:null,&quot;isDonation&quot;:false,&quot;highlightLabel&quot;:null,&quot;seller&quot;:null,&quot;sellerId&quot;:null,&quot;marketplace&quot;:null,&quot;freshness&quot;:null,&quot;traceability&quot;:null,&quot;flags&quot;:[],&quot;clubs&quot;:[],&quot;packaging&quot;:&quot;la bouteille de 75cL&quot;,&quot;origin&quot;:&quot;&quot;,&quot;format&quot;:&quot;75cL&quot;},&quot;relationships&quot;:{&quot;substitution&quot;:null},&quot;meta&quot;:{&quot;recommendation&quot;:null,&quot;cta&quot;:&quot;buy&quot;,&quot;features&quot;:{&quot;shoppingList&quot;:true,&quot;deletable&quot;:false,&quot;swap&quot;:false,&quot;feedback&quot;:false,&quot;freshness&quot;:true}},&quot;links&quot;:{&quot;self&quot;:&quot;\/p\/vin-rouge-brouilly-cave-augustin-florent-3245414745759?t=27074&quot;}}"
  layout="vertical"
  :render-context="{&quot;zone&quot;:&quot;product-list&quot;,&quot;clickAndCollectEnable&quot;:true}"
  >
  <article class="ds-product-card ds-product-card--vertical">
  <div>
              <div class="ds-product-card--vertical-icons">
                <div
  class="add-to-shoppinglist"
  ean="3245414745759"
  is="add-to-shoppinglist"
></div>
      
        
      </div>
        <div class="ds-product-card--vertical-highlightlabel">
      
    </div>
    <div class="ds-product-card--vertical-infos">
      <div class="ds-product-card--vertical-text">
                
<a
  href="/p/vin-rouge-brouilly-cave-augustin-florent-3245414745759?t=27074"
  title="Vin rouge Brouilly  CAVE AUGUSTIN FLORENT "
  rel=""
  target=""
  class="product-card-title product-card-title__reduced-line-clamp"
>
  

      

<h2 class="ds-title ds-title--s ds-title--medium">
  Vin rouge Brouilly  CAVE AUGUSTIN FLORENT 
</h2>
</a>
      
                

    

<div class="ds-body-text ds-body-text--size-s ds-body-text--color-standard-3 product-card-packaging">
      la bouteille de 75cL
  </div>
      
                

    

<div class="ds-body-text ds-body-text--size-s ds-body-text--color-standard-3 product-card-per-unit-label">
      7.47 € / Litre
  </div>
      
      </div>
      <div class="ds-product-card--vertical-image">
                
<a
  href="/p/vin-rouge-brouilly-cave-augustin-florent-3245414745759?t=27074"
  title="Vin rouge Brouilly  CAVE AUGUSTIN FLORENT "
  rel=""
  target=""
  class="product-card-image"
>
  <img
      src="/images/loader-dots.svg"        data-src="/media/280x280/Photosite/PGC/BOISSONS/3245414745759_PHOTOSITE_20171110_161057_0.jpg?placeholder=1"        alt="Vin rouge Brouilly  CAVE AUGUSTIN FLORENT "
  class="image image--hidden image--lazy product-card-image__image"
/>
</a>
      
      </div>
    </div>
        
    
  </div>
  <div>
    <div class="ds-product-card--vertical-promotion">
      
    </div>
    <div class="ds-product-card--vertical-flex">
              
    

    


<div class="product-card-price">
  <div class="product-card-price__price">
    

    

<span class="ds-title ds-title--m product-card-price__price--final">
  5,60€
</span>

      </div>
</div>
      
      <div class="ds-product-card--vertical-cta">
                  
<form
  is="add-to-cart"
  id="data-produit-acheter"
  class="add-to-cart"
  :product="{&quot;type&quot;:&quot;product&quot;,&quot;id&quot;:&quot;product-3245414745759&quot;,&quot;attributes&quot;:{&quot;ean&quot;:&quot;3245414745759&quot;,&quot;cdbase&quot;:&quot;3750115&quot;,&quot;title&quot;:&quot;Vin rouge Brouilly  CAVE AUGUSTIN FLORENT &quot;,&quot;brand&quot;:&quot;CAVE AUGUSTIN FLOREN&quot;,&quot;slug&quot;:&quot;vin-rouge-brouilly-cave-augustin-florent&quot;,&quot;availability&quot;:{&quot;indispensable&quot;:false,&quot;purchasable&quot;:true,&quot;stopped&quot;:false,&quot;suspended&quot;:false,&quot;suspensionReason&quot;:null,&quot;checkable&quot;:false,&quot;currentStoreOffer&quot;:null},&quot;price&quot;:{&quot;price&quot;:5.5999999999999996,&quot;unitOfMeasure&quot;:&quot;Litre&quot;,&quot;perUnitLabel&quot;:&quot;7.47 \u20ac \/ Litre&quot;,&quot;taxMessage&quot;:&quot;&quot;,&quot;perUnit&quot;:7.4699999999999998},&quot;ordering&quot;:{&quot;min&quot;:1,&quot;step&quot;:1,&quot;max&quot;:36},&quot;offerServiceId&quot;:&quot;0261-150-6&quot;,&quot;uri&quot;:&quot;boissons\/cave-a-vins\/vins-rouges\/beaujolais&quot;,&quot;categories&quot;:[{&quot;id&quot;:&quot;27070&quot;,&quot;code&quot;:&quot;R10&quot;,&quot;slug&quot;:&quot;boissons&quot;,&quot;label&quot;:&quot;Boissons&quot;,&quot;uri&quot;:&quot;boissons&quot;,&quot;type&quot;:&quot;RAYON&quot;,&quot;level&quot;:1,&quot;sellerId&quot;:null},{&quot;id&quot;:&quot;27074&quot;,&quot;code&quot;:&quot;R10F02&quot;,&quot;slug&quot;:&quot;cave-a-vins&quot;,&quot;label&quot;:&quot;Cave \u00e0 vins&quot;,&quot;uri&quot;:&quot;boissons\/cave-a-vins&quot;,&quot;type&quot;:&quot;RAYON&quot;,&quot;level&quot;:2,&quot;sellerId&quot;:null},{&quot;id&quot;:&quot;27105&quot;,&quot;code&quot;:&quot;R10F02SF01&quot;,&quot;slug&quot;:&quot;vins-rouges&quot;,&quot;label&quot;:&quot;Vins rouges&quot;,&quot;uri&quot;:&quot;boissons\/cave-a-vins\/vins-rouges&quot;,&quot;type&quot;:&quot;RAYON&quot;,&quot;level&quot;:3,&quot;sellerId&quot;:null},{&quot;id&quot;:&quot;27146&quot;,&quot;code&quot;:&quot;R10F02SF01SS09&quot;,&quot;slug&quot;:&quot;beaujolais&quot;,&quot;label&quot;:&quot;Beaujolais&quot;,&quot;uri&quot;:&quot;boissons\/cave-a-vins\/vins-rouges\/beaujolais&quot;,&quot;type&quot;:&quot;RAYON&quot;,&quot;level&quot;:4,&quot;sellerId&quot;:null}],&quot;topCategoryName&quot;:&quot;Boissons&quot;,&quot;images&quot;:[{&quot;largest&quot;:&quot;\/media\/1500x1500\/Photosite\/PGC\/BOISSONS\/3245414745759_PHOTOSITE_20171110_161057_0.jpg?placeholder=1&quot;,&quot;1500x1500&quot;:&quot;\/media\/1500x1500\/Photosite\/PGC\/BOISSONS\/3245414745759_PHOTOSITE_20171110_161057_0.jpg?placeholder=1&quot;,&quot;540x540&quot;:&quot;\/media\/540x540\/Photosite\/PGC\/BOISSONS\/3245414745759_PHOTOSITE_20171110_161057_0.jpg?placeholder=1&quot;,&quot;380x380&quot;:&quot;\/media\/380x380\/Photosite\/PGC\/BOISSONS\/3245414745759_PHOTOSITE_20171110_161057_0.jpg?placeholder=1&quot;,&quot;340x340&quot;:&quot;\/media\/340x340\/Photosite\/PGC\/BOISSONS\/3245414745759_PHOTOSITE_20171110_161057_0.jpg?placeholder=1&quot;,&quot;340x240&quot;:&quot;\/media\/340x240\/Photosite\/PGC\/BOISSONS\/3245414745759_PHOTOSITE_20171110_161057_0.jpg?placeholder=1&quot;,&quot;280x280&quot;:&quot;\/media\/280x280\/Photosite\/PGC\/BOISSONS\/3245414745759_PHOTOSITE_20171110_161057_0.jpg?placeholder=1&quot;,&quot;195x195&quot;:&quot;\/media\/195x195\/Photosite\/PGC\/BOISSONS\/3245414745759_PHOTOSITE_20171110_161057_0.jpg?placeholder=1&quot;,&quot;150x150&quot;:&quot;\/media\/150x150\/Photosite\/PGC\/BOISSONS\/3245414745759_PHOTOSITE_20171110_161057_0.jpg?placeholder=1&quot;,&quot;43x43&quot;:&quot;\/media\/43x43\/Photosite\/PGC\/BOISSONS\/3245414745759_PHOTOSITE_20171110_161057_0.jpg?placeholder=1&quot;},{&quot;largest&quot;:&quot;\/media\/1500x1500\/Photosite\/PGC\/BOISSONS\/3245414745759_PHOTOSITE_20140327_201505_7.jpg?placeholder=1&quot;,&quot;1500x1500&quot;:&quot;\/media\/1500x1500\/Photosite\/PGC\/BOISSONS\/3245414745759_PHOTOSITE_20140327_201505_7.jpg?placeholder=1&quot;,&quot;540x540&quot;:&quot;\/media\/540x540\/Photosite\/PGC\/BOISSONS\/3245414745759_PHOTOSITE_20140327_201505_7.jpg?placeholder=1&quot;,&quot;380x380&quot;:&quot;\/media\/380x380\/Photosite\/PGC\/BOISSONS\/3245414745759_PHOTOSITE_20140327_201505_7.jpg?placeholder=1&quot;,&quot;340x340&quot;:&quot;\/media\/340x340\/Photosite\/PGC\/BOISSONS\/3245414745759_PHOTOSITE_20140327_201505_7.jpg?placeholder=1&quot;,&quot;340x240&quot;:&quot;\/media\/340x240\/Photosite\/PGC\/BOISSONS\/3245414745759_PHOTOSITE_20140327_201505_7.jpg?placeholder=1&quot;,&quot;280x280&quot;:&quot;\/media\/280x280\/Photosite\/PGC\/BOISSONS\/3245414745759_PHOTOSITE_20140327_201505_7.jpg?placeholder=1&quot;,&quot;195x195&quot;:&quot;\/media\/195x195\/Photosite\/PGC\/BOISSONS\/3245414745759_PHOTOSITE_20140327_201505_7.jpg?placeholder=1&quot;,&quot;150x150&quot;:&quot;\/media\/150x150\/Photosite\/PGC\/BOISSONS\/3245414745759_PHOTOSITE_20140327_201505_7.jpg?placeholder=1&quot;,&quot;43x43&quot;:&quot;\/media\/43x43\/Photosite\/PGC\/BOISSONS\/3245414745759_PHOTOSITE_20140327_201505_7.jpg?placeholder=1&quot;}],&quot;promotion&quot;:null,&quot;isDonation&quot;:false,&quot;highlightLabel&quot;:null,&quot;seller&quot;:null,&quot;sellerId&quot;:null,&quot;marketplace&quot;:null,&quot;freshness&quot;:null,&quot;traceability&quot;:null,&quot;flags&quot;:[],&quot;clubs&quot;:[],&quot;packaging&quot;:&quot;la bouteille de 75cL&quot;,&quot;origin&quot;:&quot;&quot;,&quot;format&quot;:&quot;75cL&quot;},&quot;relationships&quot;:{&quot;substitution&quot;:null},&quot;meta&quot;:{&quot;recommendation&quot;:null,&quot;cta&quot;:&quot;buy&quot;,&quot;features&quot;:{&quot;shoppingList&quot;:true,&quot;deletable&quot;:false,&quot;swap&quot;:false,&quot;feedback&quot;:false,&quot;freshness&quot;:true}},&quot;links&quot;:{&quot;self&quot;:&quot;\/p\/vin-rouge-brouilly-cave-augustin-florent-3245414745759?t=27074&quot;}}"
  is-click-and-collect=""
  offer-service-id="0261-150-6"
  basket-service-id=""
  :render-context="{&quot;zone&quot;:&quot;product-list&quot;,&quot;clickAndCollectEnable&quot;:true}" >
  

<button
  class="pl-button pl-button--primary"
        
>
      <span class="pl-button__label">
                    </span>
  </button>
</form>

      
      </div>
    </div>
      </div>
</article>
</div>

                    </li>
            
                <li class="product-grid-item " >
    
                        


<div
  is="ds-product-card"
  class="ds-product-card__twigwrap"
  :index="25"
  :product="{&quot;type&quot;:&quot;product&quot;,&quot;id&quot;:&quot;product-3245414804708&quot;,&quot;attributes&quot;:{&quot;ean&quot;:&quot;3245414804708&quot;,&quot;cdbase&quot;:&quot;3775103&quot;,&quot;title&quot;:&quot;Vin rouge Bourgogne Passe-Tout-Grains 20 LA CAVE D&#039;AUGUSTIN FLORENT &quot;,&quot;brand&quot;:&quot;CAVE AUGUSTIN FLOREN&quot;,&quot;slug&quot;:&quot;vin-rouge-bourgogne-passe-tout-grains-20-la-cave-d-augustin-florent&quot;,&quot;availability&quot;:{&quot;indispensable&quot;:false,&quot;purchasable&quot;:true,&quot;stopped&quot;:false,&quot;suspended&quot;:false,&quot;suspensionReason&quot;:null,&quot;checkable&quot;:false,&quot;currentStoreOffer&quot;:null},&quot;price&quot;:{&quot;price&quot;:4.9500000000000002,&quot;unitOfMeasure&quot;:&quot;Litre&quot;,&quot;perUnitLabel&quot;:&quot;6.60 \u20ac \/ Litre&quot;,&quot;taxMessage&quot;:&quot;&quot;,&quot;perUnit&quot;:6.5999999999999996},&quot;ordering&quot;:{&quot;min&quot;:1,&quot;step&quot;:1,&quot;max&quot;:36},&quot;offerServiceId&quot;:&quot;0261-150-6&quot;,&quot;uri&quot;:&quot;boissons\/cave-a-vins\/vins-rouges\/bourgogne&quot;,&quot;categories&quot;:[{&quot;id&quot;:&quot;27070&quot;,&quot;code&quot;:&quot;R10&quot;,&quot;slug&quot;:&quot;boissons&quot;,&quot;label&quot;:&quot;Boissons&quot;,&quot;uri&quot;:&quot;boissons&quot;,&quot;type&quot;:&quot;RAYON&quot;,&quot;level&quot;:1,&quot;sellerId&quot;:null},{&quot;id&quot;:&quot;27074&quot;,&quot;code&quot;:&quot;R10F02&quot;,&quot;slug&quot;:&quot;cave-a-vins&quot;,&quot;label&quot;:&quot;Cave \u00e0 vins&quot;,&quot;uri&quot;:&quot;boissons\/cave-a-vins&quot;,&quot;type&quot;:&quot;RAYON&quot;,&quot;level&quot;:2,&quot;sellerId&quot;:null},{&quot;id&quot;:&quot;27105&quot;,&quot;code&quot;:&quot;R10F02SF01&quot;,&quot;slug&quot;:&quot;vins-rouges&quot;,&quot;label&quot;:&quot;Vins rouges&quot;,&quot;uri&quot;:&quot;boissons\/cave-a-vins\/vins-rouges&quot;,&quot;type&quot;:&quot;RAYON&quot;,&quot;level&quot;:3,&quot;sellerId&quot;:null},{&quot;id&quot;:&quot;27144&quot;,&quot;code&quot;:&quot;R10F02SF01SS04&quot;,&quot;slug&quot;:&quot;bourgogne&quot;,&quot;label&quot;:&quot;Bourgogne&quot;,&quot;uri&quot;:&quot;boissons\/cave-a-vins\/vins-rouges\/bourgogne&quot;,&quot;type&quot;:&quot;RAYON&quot;,&quot;level&quot;:4,&quot;sellerId&quot;:null}],&quot;topCategoryName&quot;:&quot;Boissons&quot;,&quot;images&quot;:[{&quot;largest&quot;:&quot;\/media\/1500x1500\/Photosite\/PGC\/BOISSONS\/3245414804708_PHOTOSITE_20161021_081849_0.jpg?placeholder=1&quot;,&quot;1500x1500&quot;:&quot;\/media\/1500x1500\/Photosite\/PGC\/BOISSONS\/3245414804708_PHOTOSITE_20161021_081849_0.jpg?placeholder=1&quot;,&quot;540x540&quot;:&quot;\/media\/540x540\/Photosite\/PGC\/BOISSONS\/3245414804708_PHOTOSITE_20161021_081849_0.jpg?placeholder=1&quot;,&quot;380x380&quot;:&quot;\/media\/380x380\/Photosite\/PGC\/BOISSONS\/3245414804708_PHOTOSITE_20161021_081849_0.jpg?placeholder=1&quot;,&quot;340x340&quot;:&quot;\/media\/340x340\/Photosite\/PGC\/BOISSONS\/3245414804708_PHOTOSITE_20161021_081849_0.jpg?placeholder=1&quot;,&quot;340x240&quot;:&quot;\/media\/340x240\/Photosite\/PGC\/BOISSONS\/3245414804708_PHOTOSITE_20161021_081849_0.jpg?placeholder=1&quot;,&quot;280x280&quot;:&quot;\/media\/280x280\/Photosite\/PGC\/BOISSONS\/3245414804708_PHOTOSITE_20161021_081849_0.jpg?placeholder=1&quot;,&quot;195x195&quot;:&quot;\/media\/195x195\/Photosite\/PGC\/BOISSONS\/3245414804708_PHOTOSITE_20161021_081849_0.jpg?placeholder=1&quot;,&quot;150x150&quot;:&quot;\/media\/150x150\/Photosite\/PGC\/BOISSONS\/3245414804708_PHOTOSITE_20161021_081849_0.jpg?placeholder=1&quot;,&quot;43x43&quot;:&quot;\/media\/43x43\/Photosite\/PGC\/BOISSONS\/3245414804708_PHOTOSITE_20161021_081849_0.jpg?placeholder=1&quot;},{&quot;largest&quot;:&quot;\/media\/1500x1500\/Photosite\/PGC\/BOISSONS\/3245414804708_PHOTOSITE_20161021_081849_2.jpg?placeholder=1&quot;,&quot;1500x1500&quot;:&quot;\/media\/1500x1500\/Photosite\/PGC\/BOISSONS\/3245414804708_PHOTOSITE_20161021_081849_2.jpg?placeholder=1&quot;,&quot;540x540&quot;:&quot;\/media\/540x540\/Photosite\/PGC\/BOISSONS\/3245414804708_PHOTOSITE_20161021_081849_2.jpg?placeholder=1&quot;,&quot;380x380&quot;:&quot;\/media\/380x380\/Photosite\/PGC\/BOISSONS\/3245414804708_PHOTOSITE_20161021_081849_2.jpg?placeholder=1&quot;,&quot;340x340&quot;:&quot;\/media\/340x340\/Photosite\/PGC\/BOISSONS\/3245414804708_PHOTOSITE_20161021_081849_2.jpg?placeholder=1&quot;,&quot;340x240&quot;:&quot;\/media\/340x240\/Photosite\/PGC\/BOISSONS\/3245414804708_PHOTOSITE_20161021_081849_2.jpg?placeholder=1&quot;,&quot;280x280&quot;:&quot;\/media\/280x280\/Photosite\/PGC\/BOISSONS\/3245414804708_PHOTOSITE_20161021_081849_2.jpg?placeholder=1&quot;,&quot;195x195&quot;:&quot;\/media\/195x195\/Photosite\/PGC\/BOISSONS\/3245414804708_PHOTOSITE_20161021_081849_2.jpg?placeholder=1&quot;,&quot;150x150&quot;:&quot;\/media\/150x150\/Photosite\/PGC\/BOISSONS\/3245414804708_PHOTOSITE_20161021_081849_2.jpg?placeholder=1&quot;,&quot;43x43&quot;:&quot;\/media\/43x43\/Photosite\/PGC\/BOISSONS\/3245414804708_PHOTOSITE_20161021_081849_2.jpg?placeholder=1&quot;},{&quot;largest&quot;:&quot;\/media\/1500x1500\/Photosite\/PGC\/BOISSONS\/3245414804708_PHOTOSITE_20161021_081849_7.jpg?placeholder=1&quot;,&quot;1500x1500&quot;:&quot;\/media\/1500x1500\/Photosite\/PGC\/BOISSONS\/3245414804708_PHOTOSITE_20161021_081849_7.jpg?placeholder=1&quot;,&quot;540x540&quot;:&quot;\/media\/540x540\/Photosite\/PGC\/BOISSONS\/3245414804708_PHOTOSITE_20161021_081849_7.jpg?placeholder=1&quot;,&quot;380x380&quot;:&quot;\/media\/380x380\/Photosite\/PGC\/BOISSONS\/3245414804708_PHOTOSITE_20161021_081849_7.jpg?placeholder=1&quot;,&quot;340x340&quot;:&quot;\/media\/340x340\/Photosite\/PGC\/BOISSONS\/3245414804708_PHOTOSITE_20161021_081849_7.jpg?placeholder=1&quot;,&quot;340x240&quot;:&quot;\/media\/340x240\/Photosite\/PGC\/BOISSONS\/3245414804708_PHOTOSITE_20161021_081849_7.jpg?placeholder=1&quot;,&quot;280x280&quot;:&quot;\/media\/280x280\/Photosite\/PGC\/BOISSONS\/3245414804708_PHOTOSITE_20161021_081849_7.jpg?placeholder=1&quot;,&quot;195x195&quot;:&quot;\/media\/195x195\/Photosite\/PGC\/BOISSONS\/3245414804708_PHOTOSITE_20161021_081849_7.jpg?placeholder=1&quot;,&quot;150x150&quot;:&quot;\/media\/150x150\/Photosite\/PGC\/BOISSONS\/3245414804708_PHOTOSITE_20161021_081849_7.jpg?placeholder=1&quot;,&quot;43x43&quot;:&quot;\/media\/43x43\/Photosite\/PGC\/BOISSONS\/3245414804708_PHOTOSITE_20161021_081849_7.jpg?placeholder=1&quot;},{&quot;largest&quot;:&quot;\/media\/1500x1500\/Photosite\/PGC\/BOISSONS\/3245414804708_PHOTOSITE_20161021_081850_8.jpg?placeholder=1&quot;,&quot;1500x1500&quot;:&quot;\/media\/1500x1500\/Photosite\/PGC\/BOISSONS\/3245414804708_PHOTOSITE_20161021_081850_8.jpg?placeholder=1&quot;,&quot;540x540&quot;:&quot;\/media\/540x540\/Photosite\/PGC\/BOISSONS\/3245414804708_PHOTOSITE_20161021_081850_8.jpg?placeholder=1&quot;,&quot;380x380&quot;:&quot;\/media\/380x380\/Photosite\/PGC\/BOISSONS\/3245414804708_PHOTOSITE_20161021_081850_8.jpg?placeholder=1&quot;,&quot;340x340&quot;:&quot;\/media\/340x340\/Photosite\/PGC\/BOISSONS\/3245414804708_PHOTOSITE_20161021_081850_8.jpg?placeholder=1&quot;,&quot;340x240&quot;:&quot;\/media\/340x240\/Photosite\/PGC\/BOISSONS\/3245414804708_PHOTOSITE_20161021_081850_8.jpg?placeholder=1&quot;,&quot;280x280&quot;:&quot;\/media\/280x280\/Photosite\/PGC\/BOISSONS\/3245414804708_PHOTOSITE_20161021_081850_8.jpg?placeholder=1&quot;,&quot;195x195&quot;:&quot;\/media\/195x195\/Photosite\/PGC\/BOISSONS\/3245414804708_PHOTOSITE_20161021_081850_8.jpg?placeholder=1&quot;,&quot;150x150&quot;:&quot;\/media\/150x150\/Photosite\/PGC\/BOISSONS\/3245414804708_PHOTOSITE_20161021_081850_8.jpg?placeholder=1&quot;,&quot;43x43&quot;:&quot;\/media\/43x43\/Photosite\/PGC\/BOISSONS\/3245414804708_PHOTOSITE_20161021_081850_8.jpg?placeholder=1&quot;}],&quot;promotion&quot;:null,&quot;isDonation&quot;:false,&quot;highlightLabel&quot;:null,&quot;seller&quot;:null,&quot;sellerId&quot;:null,&quot;marketplace&quot;:null,&quot;freshness&quot;:null,&quot;traceability&quot;:null,&quot;flags&quot;:[],&quot;clubs&quot;:[],&quot;packaging&quot;:&quot;la bouteille de 75cl&quot;,&quot;origin&quot;:&quot;&quot;,&quot;format&quot;:&quot;75cL&quot;},&quot;relationships&quot;:{&quot;substitution&quot;:null},&quot;meta&quot;:{&quot;recommendation&quot;:null,&quot;cta&quot;:&quot;buy&quot;,&quot;features&quot;:{&quot;shoppingList&quot;:true,&quot;deletable&quot;:false,&quot;swap&quot;:false,&quot;feedback&quot;:false,&quot;freshness&quot;:true}},&quot;links&quot;:{&quot;self&quot;:&quot;\/p\/vin-rouge-bourgogne-passe-tout-grains-20-la-cave-d-augustin-florent-3245414804708?t=27074&quot;}}"
  layout="vertical"
  :render-context="{&quot;zone&quot;:&quot;product-list&quot;,&quot;clickAndCollectEnable&quot;:true}"
  >
  <article class="ds-product-card ds-product-card--vertical">
  <div>
              <div class="ds-product-card--vertical-icons">
                <div
  class="add-to-shoppinglist"
  ean="3245414804708"
  is="add-to-shoppinglist"
></div>
      
        
      </div>
        <div class="ds-product-card--vertical-highlightlabel">
      
    </div>
    <div class="ds-product-card--vertical-infos">
      <div class="ds-product-card--vertical-text">
                
<a
  href="/p/vin-rouge-bourgogne-passe-tout-grains-20-la-cave-d-augustin-florent-3245414804708?t=27074"
  title="Vin rouge Bourgogne Passe-Tout-Grains 20 LA CAVE D&#039;AUGUSTIN FLORENT "
  rel=""
  target=""
  class="product-card-title product-card-title__reduced-line-clamp"
>
  

      

<h2 class="ds-title ds-title--s ds-title--medium">
  Vin rouge Bourgogne Passe-Tout-Grains 20 LA CAVE D&#039;AUGUSTIN FLORENT 
</h2>
</a>
      
                

    

<div class="ds-body-text ds-body-text--size-s ds-body-text--color-standard-3 product-card-packaging">
      la bouteille de 75cl
  </div>
      
                

    

<div class="ds-body-text ds-body-text--size-s ds-body-text--color-standard-3 product-card-per-unit-label">
      6.60 € / Litre
  </div>
      
      </div>
      <div class="ds-product-card--vertical-image">
                
<a
  href="/p/vin-rouge-bourgogne-passe-tout-grains-20-la-cave-d-augustin-florent-3245414804708?t=27074"
  title="Vin rouge Bourgogne Passe-Tout-Grains 20 LA CAVE D&#039;AUGUSTIN FLORENT "
  rel=""
  target=""
  class="product-card-image"
>
  <img
      src="/images/loader-dots.svg"        data-src="/media/280x280/Photosite/PGC/BOISSONS/3245414804708_PHOTOSITE_20161021_081849_0.jpg?placeholder=1"        alt="Vin rouge Bourgogne Passe-Tout-Grains 20 LA CAVE D&#039;AUGUSTIN FLORENT "
  class="image image--hidden image--lazy product-card-image__image"
/>
</a>
      
      </div>
    </div>
        
    
  </div>
  <div>
    <div class="ds-product-card--vertical-promotion">
      
    </div>
    <div class="ds-product-card--vertical-flex">
              
    

    


<div class="product-card-price">
  <div class="product-card-price__price">
    

    

<span class="ds-title ds-title--m product-card-price__price--final">
  4,95€
</span>

      </div>
</div>
      
      <div class="ds-product-card--vertical-cta">
                  
<form
  is="add-to-cart"
  id="data-produit-acheter"
  class="add-to-cart"
  :product="{&quot;type&quot;:&quot;product&quot;,&quot;id&quot;:&quot;product-3245414804708&quot;,&quot;attributes&quot;:{&quot;ean&quot;:&quot;3245414804708&quot;,&quot;cdbase&quot;:&quot;3775103&quot;,&quot;title&quot;:&quot;Vin rouge Bourgogne Passe-Tout-Grains 20 LA CAVE D&#039;AUGUSTIN FLORENT &quot;,&quot;brand&quot;:&quot;CAVE AUGUSTIN FLOREN&quot;,&quot;slug&quot;:&quot;vin-rouge-bourgogne-passe-tout-grains-20-la-cave-d-augustin-florent&quot;,&quot;availability&quot;:{&quot;indispensable&quot;:false,&quot;purchasable&quot;:true,&quot;stopped&quot;:false,&quot;suspended&quot;:false,&quot;suspensionReason&quot;:null,&quot;checkable&quot;:false,&quot;currentStoreOffer&quot;:null},&quot;price&quot;:{&quot;price&quot;:4.9500000000000002,&quot;unitOfMeasure&quot;:&quot;Litre&quot;,&quot;perUnitLabel&quot;:&quot;6.60 \u20ac \/ Litre&quot;,&quot;taxMessage&quot;:&quot;&quot;,&quot;perUnit&quot;:6.5999999999999996},&quot;ordering&quot;:{&quot;min&quot;:1,&quot;step&quot;:1,&quot;max&quot;:36},&quot;offerServiceId&quot;:&quot;0261-150-6&quot;,&quot;uri&quot;:&quot;boissons\/cave-a-vins\/vins-rouges\/bourgogne&quot;,&quot;categories&quot;:[{&quot;id&quot;:&quot;27070&quot;,&quot;code&quot;:&quot;R10&quot;,&quot;slug&quot;:&quot;boissons&quot;,&quot;label&quot;:&quot;Boissons&quot;,&quot;uri&quot;:&quot;boissons&quot;,&quot;type&quot;:&quot;RAYON&quot;,&quot;level&quot;:1,&quot;sellerId&quot;:null},{&quot;id&quot;:&quot;27074&quot;,&quot;code&quot;:&quot;R10F02&quot;,&quot;slug&quot;:&quot;cave-a-vins&quot;,&quot;label&quot;:&quot;Cave \u00e0 vins&quot;,&quot;uri&quot;:&quot;boissons\/cave-a-vins&quot;,&quot;type&quot;:&quot;RAYON&quot;,&quot;level&quot;:2,&quot;sellerId&quot;:null},{&quot;id&quot;:&quot;27105&quot;,&quot;code&quot;:&quot;R10F02SF01&quot;,&quot;slug&quot;:&quot;vins-rouges&quot;,&quot;label&quot;:&quot;Vins rouges&quot;,&quot;uri&quot;:&quot;boissons\/cave-a-vins\/vins-rouges&quot;,&quot;type&quot;:&quot;RAYON&quot;,&quot;level&quot;:3,&quot;sellerId&quot;:null},{&quot;id&quot;:&quot;27144&quot;,&quot;code&quot;:&quot;R10F02SF01SS04&quot;,&quot;slug&quot;:&quot;bourgogne&quot;,&quot;label&quot;:&quot;Bourgogne&quot;,&quot;uri&quot;:&quot;boissons\/cave-a-vins\/vins-rouges\/bourgogne&quot;,&quot;type&quot;:&quot;RAYON&quot;,&quot;level&quot;:4,&quot;sellerId&quot;:null}],&quot;topCategoryName&quot;:&quot;Boissons&quot;,&quot;images&quot;:[{&quot;largest&quot;:&quot;\/media\/1500x1500\/Photosite\/PGC\/BOISSONS\/3245414804708_PHOTOSITE_20161021_081849_0.jpg?placeholder=1&quot;,&quot;1500x1500&quot;:&quot;\/media\/1500x1500\/Photosite\/PGC\/BOISSONS\/3245414804708_PHOTOSITE_20161021_081849_0.jpg?placeholder=1&quot;,&quot;540x540&quot;:&quot;\/media\/540x540\/Photosite\/PGC\/BOISSONS\/3245414804708_PHOTOSITE_20161021_081849_0.jpg?placeholder=1&quot;,&quot;380x380&quot;:&quot;\/media\/380x380\/Photosite\/PGC\/BOISSONS\/3245414804708_PHOTOSITE_20161021_081849_0.jpg?placeholder=1&quot;,&quot;340x340&quot;:&quot;\/media\/340x340\/Photosite\/PGC\/BOISSONS\/3245414804708_PHOTOSITE_20161021_081849_0.jpg?placeholder=1&quot;,&quot;340x240&quot;:&quot;\/media\/340x240\/Photosite\/PGC\/BOISSONS\/3245414804708_PHOTOSITE_20161021_081849_0.jpg?placeholder=1&quot;,&quot;280x280&quot;:&quot;\/media\/280x280\/Photosite\/PGC\/BOISSONS\/3245414804708_PHOTOSITE_20161021_081849_0.jpg?placeholder=1&quot;,&quot;195x195&quot;:&quot;\/media\/195x195\/Photosite\/PGC\/BOISSONS\/3245414804708_PHOTOSITE_20161021_081849_0.jpg?placeholder=1&quot;,&quot;150x150&quot;:&quot;\/media\/150x150\/Photosite\/PGC\/BOISSONS\/3245414804708_PHOTOSITE_20161021_081849_0.jpg?placeholder=1&quot;,&quot;43x43&quot;:&quot;\/media\/43x43\/Photosite\/PGC\/BOISSONS\/3245414804708_PHOTOSITE_20161021_081849_0.jpg?placeholder=1&quot;},{&quot;largest&quot;:&quot;\/media\/1500x1500\/Photosite\/PGC\/BOISSONS\/3245414804708_PHOTOSITE_20161021_081849_2.jpg?placeholder=1&quot;,&quot;1500x1500&quot;:&quot;\/media\/1500x1500\/Photosite\/PGC\/BOISSONS\/3245414804708_PHOTOSITE_20161021_081849_2.jpg?placeholder=1&quot;,&quot;540x540&quot;:&quot;\/media\/540x540\/Photosite\/PGC\/BOISSONS\/3245414804708_PHOTOSITE_20161021_081849_2.jpg?placeholder=1&quot;,&quot;380x380&quot;:&quot;\/media\/380x380\/Photosite\/PGC\/BOISSONS\/3245414804708_PHOTOSITE_20161021_081849_2.jpg?placeholder=1&quot;,&quot;340x340&quot;:&quot;\/media\/340x340\/Photosite\/PGC\/BOISSONS\/3245414804708_PHOTOSITE_20161021_081849_2.jpg?placeholder=1&quot;,&quot;340x240&quot;:&quot;\/media\/340x240\/Photosite\/PGC\/BOISSONS\/3245414804708_PHOTOSITE_20161021_081849_2.jpg?placeholder=1&quot;,&quot;280x280&quot;:&quot;\/media\/280x280\/Photosite\/PGC\/BOISSONS\/3245414804708_PHOTOSITE_20161021_081849_2.jpg?placeholder=1&quot;,&quot;195x195&quot;:&quot;\/media\/195x195\/Photosite\/PGC\/BOISSONS\/3245414804708_PHOTOSITE_20161021_081849_2.jpg?placeholder=1&quot;,&quot;150x150&quot;:&quot;\/media\/150x150\/Photosite\/PGC\/BOISSONS\/3245414804708_PHOTOSITE_20161021_081849_2.jpg?placeholder=1&quot;,&quot;43x43&quot;:&quot;\/media\/43x43\/Photosite\/PGC\/BOISSONS\/3245414804708_PHOTOSITE_20161021_081849_2.jpg?placeholder=1&quot;},{&quot;largest&quot;:&quot;\/media\/1500x1500\/Photosite\/PGC\/BOISSONS\/3245414804708_PHOTOSITE_20161021_081849_7.jpg?placeholder=1&quot;,&quot;1500x1500&quot;:&quot;\/media\/1500x1500\/Photosite\/PGC\/BOISSONS\/3245414804708_PHOTOSITE_20161021_081849_7.jpg?placeholder=1&quot;,&quot;540x540&quot;:&quot;\/media\/540x540\/Photosite\/PGC\/BOISSONS\/3245414804708_PHOTOSITE_20161021_081849_7.jpg?placeholder=1&quot;,&quot;380x380&quot;:&quot;\/media\/380x380\/Photosite\/PGC\/BOISSONS\/3245414804708_PHOTOSITE_20161021_081849_7.jpg?placeholder=1&quot;,&quot;340x340&quot;:&quot;\/media\/340x340\/Photosite\/PGC\/BOISSONS\/3245414804708_PHOTOSITE_20161021_081849_7.jpg?placeholder=1&quot;,&quot;340x240&quot;:&quot;\/media\/340x240\/Photosite\/PGC\/BOISSONS\/3245414804708_PHOTOSITE_20161021_081849_7.jpg?placeholder=1&quot;,&quot;280x280&quot;:&quot;\/media\/280x280\/Photosite\/PGC\/BOISSONS\/3245414804708_PHOTOSITE_20161021_081849_7.jpg?placeholder=1&quot;,&quot;195x195&quot;:&quot;\/media\/195x195\/Photosite\/PGC\/BOISSONS\/3245414804708_PHOTOSITE_20161021_081849_7.jpg?placeholder=1&quot;,&quot;150x150&quot;:&quot;\/media\/150x150\/Photosite\/PGC\/BOISSONS\/3245414804708_PHOTOSITE_20161021_081849_7.jpg?placeholder=1&quot;,&quot;43x43&quot;:&quot;\/media\/43x43\/Photosite\/PGC\/BOISSONS\/3245414804708_PHOTOSITE_20161021_081849_7.jpg?placeholder=1&quot;},{&quot;largest&quot;:&quot;\/media\/1500x1500\/Photosite\/PGC\/BOISSONS\/3245414804708_PHOTOSITE_20161021_081850_8.jpg?placeholder=1&quot;,&quot;1500x1500&quot;:&quot;\/media\/1500x1500\/Photosite\/PGC\/BOISSONS\/3245414804708_PHOTOSITE_20161021_081850_8.jpg?placeholder=1&quot;,&quot;540x540&quot;:&quot;\/media\/540x540\/Photosite\/PGC\/BOISSONS\/3245414804708_PHOTOSITE_20161021_081850_8.jpg?placeholder=1&quot;,&quot;380x380&quot;:&quot;\/media\/380x380\/Photosite\/PGC\/BOISSONS\/3245414804708_PHOTOSITE_20161021_081850_8.jpg?placeholder=1&quot;,&quot;340x340&quot;:&quot;\/media\/340x340\/Photosite\/PGC\/BOISSONS\/3245414804708_PHOTOSITE_20161021_081850_8.jpg?placeholder=1&quot;,&quot;340x240&quot;:&quot;\/media\/340x240\/Photosite\/PGC\/BOISSONS\/3245414804708_PHOTOSITE_20161021_081850_8.jpg?placeholder=1&quot;,&quot;280x280&quot;:&quot;\/media\/280x280\/Photosite\/PGC\/BOISSONS\/3245414804708_PHOTOSITE_20161021_081850_8.jpg?placeholder=1&quot;,&quot;195x195&quot;:&quot;\/media\/195x195\/Photosite\/PGC\/BOISSONS\/3245414804708_PHOTOSITE_20161021_081850_8.jpg?placeholder=1&quot;,&quot;150x150&quot;:&quot;\/media\/150x150\/Photosite\/PGC\/BOISSONS\/3245414804708_PHOTOSITE_20161021_081850_8.jpg?placeholder=1&quot;,&quot;43x43&quot;:&quot;\/media\/43x43\/Photosite\/PGC\/BOISSONS\/3245414804708_PHOTOSITE_20161021_081850_8.jpg?placeholder=1&quot;}],&quot;promotion&quot;:null,&quot;isDonation&quot;:false,&quot;highlightLabel&quot;:null,&quot;seller&quot;:null,&quot;sellerId&quot;:null,&quot;marketplace&quot;:null,&quot;freshness&quot;:null,&quot;traceability&quot;:null,&quot;flags&quot;:[],&quot;clubs&quot;:[],&quot;packaging&quot;:&quot;la bouteille de 75cl&quot;,&quot;origin&quot;:&quot;&quot;,&quot;format&quot;:&quot;75cL&quot;},&quot;relationships&quot;:{&quot;substitution&quot;:null},&quot;meta&quot;:{&quot;recommendation&quot;:null,&quot;cta&quot;:&quot;buy&quot;,&quot;features&quot;:{&quot;shoppingList&quot;:true,&quot;deletable&quot;:false,&quot;swap&quot;:false,&quot;feedback&quot;:false,&quot;freshness&quot;:true}},&quot;links&quot;:{&quot;self&quot;:&quot;\/p\/vin-rouge-bourgogne-passe-tout-grains-20-la-cave-d-augustin-florent-3245414804708?t=27074&quot;}}"
  is-click-and-collect=""
  offer-service-id="0261-150-6"
  basket-service-id=""
  :render-context="{&quot;zone&quot;:&quot;product-list&quot;,&quot;clickAndCollectEnable&quot;:true}" >
  

<button
  class="pl-button pl-button--primary"
        
>
      <span class="pl-button__label">
                    </span>
  </button>
</form>

      
      </div>
    </div>
      </div>
</article>
</div>

                    </li>
            
                <li class="product-grid-item " >
    
                        


<div
  is="ds-product-card"
  class="ds-product-card__twigwrap"
  :index="26"
  :product="{&quot;type&quot;:&quot;product&quot;,&quot;id&quot;:&quot;product-3286170903120&quot;,&quot;attributes&quot;:{&quot;ean&quot;:&quot;3286170903120&quot;,&quot;cdbase&quot;:&quot;4458022&quot;,&quot;title&quot;:&quot;Vin rouge Haut-M\u00e9doc CHATEAU LAROSE-TRINTAUDON&quot;,&quot;brand&quot;:&quot;REFS.SANS MARQUE&quot;,&quot;slug&quot;:&quot;vin-rouge-haut-medoc-chateau-larose-trintaudon&quot;,&quot;availability&quot;:{&quot;indispensable&quot;:false,&quot;purchasable&quot;:true,&quot;stopped&quot;:false,&quot;suspended&quot;:false,&quot;suspensionReason&quot;:null,&quot;checkable&quot;:false,&quot;currentStoreOffer&quot;:null},&quot;price&quot;:{&quot;price&quot;:12.5,&quot;unitOfMeasure&quot;:&quot;Litre&quot;,&quot;perUnitLabel&quot;:&quot;16.67 \u20ac \/ Litre&quot;,&quot;taxMessage&quot;:&quot;&quot;,&quot;perUnit&quot;:16.670000000000002},&quot;ordering&quot;:{&quot;min&quot;:1,&quot;step&quot;:1,&quot;max&quot;:36},&quot;offerServiceId&quot;:&quot;0261-150-6&quot;,&quot;uri&quot;:&quot;boissons\/cave-a-vins\/vins-rouges\/bordeaux&quot;,&quot;categories&quot;:[{&quot;id&quot;:&quot;27070&quot;,&quot;code&quot;:&quot;R10&quot;,&quot;slug&quot;:&quot;boissons&quot;,&quot;label&quot;:&quot;Boissons&quot;,&quot;uri&quot;:&quot;boissons&quot;,&quot;type&quot;:&quot;RAYON&quot;,&quot;level&quot;:1,&quot;sellerId&quot;:null},{&quot;id&quot;:&quot;27074&quot;,&quot;code&quot;:&quot;R10F02&quot;,&quot;slug&quot;:&quot;cave-a-vins&quot;,&quot;label&quot;:&quot;Cave \u00e0 vins&quot;,&quot;uri&quot;:&quot;boissons\/cave-a-vins&quot;,&quot;type&quot;:&quot;RAYON&quot;,&quot;level&quot;:2,&quot;sellerId&quot;:null},{&quot;id&quot;:&quot;27105&quot;,&quot;code&quot;:&quot;R10F02SF01&quot;,&quot;slug&quot;:&quot;vins-rouges&quot;,&quot;label&quot;:&quot;Vins rouges&quot;,&quot;uri&quot;:&quot;boissons\/cave-a-vins\/vins-rouges&quot;,&quot;type&quot;:&quot;RAYON&quot;,&quot;level&quot;:3,&quot;sellerId&quot;:null},{&quot;id&quot;:&quot;27141&quot;,&quot;code&quot;:&quot;R10F02SF01SS01&quot;,&quot;slug&quot;:&quot;bordeaux&quot;,&quot;label&quot;:&quot;Bordeaux&quot;,&quot;uri&quot;:&quot;boissons\/cave-a-vins\/vins-rouges\/bordeaux&quot;,&quot;type&quot;:&quot;RAYON&quot;,&quot;level&quot;:4,&quot;sellerId&quot;:null}],&quot;topCategoryName&quot;:&quot;Boissons&quot;,&quot;images&quot;:[{&quot;largest&quot;:&quot;\/media\/1500x1500\/Photosite\/PGC\/BOISSONS\/3286170903120_PHOTOSITE_20200924_164841_0.jpg?placeholder=1&quot;,&quot;1500x1500&quot;:&quot;\/media\/1500x1500\/Photosite\/PGC\/BOISSONS\/3286170903120_PHOTOSITE_20200924_164841_0.jpg?placeholder=1&quot;,&quot;540x540&quot;:&quot;\/media\/540x540\/Photosite\/PGC\/BOISSONS\/3286170903120_PHOTOSITE_20200924_164841_0.jpg?placeholder=1&quot;,&quot;380x380&quot;:&quot;\/media\/380x380\/Photosite\/PGC\/BOISSONS\/3286170903120_PHOTOSITE_20200924_164841_0.jpg?placeholder=1&quot;,&quot;340x340&quot;:&quot;\/media\/340x340\/Photosite\/PGC\/BOISSONS\/3286170903120_PHOTOSITE_20200924_164841_0.jpg?placeholder=1&quot;,&quot;340x240&quot;:&quot;\/media\/340x240\/Photosite\/PGC\/BOISSONS\/3286170903120_PHOTOSITE_20200924_164841_0.jpg?placeholder=1&quot;,&quot;280x280&quot;:&quot;\/media\/280x280\/Photosite\/PGC\/BOISSONS\/3286170903120_PHOTOSITE_20200924_164841_0.jpg?placeholder=1&quot;,&quot;195x195&quot;:&quot;\/media\/195x195\/Photosite\/PGC\/BOISSONS\/3286170903120_PHOTOSITE_20200924_164841_0.jpg?placeholder=1&quot;,&quot;150x150&quot;:&quot;\/media\/150x150\/Photosite\/PGC\/BOISSONS\/3286170903120_PHOTOSITE_20200924_164841_0.jpg?placeholder=1&quot;,&quot;43x43&quot;:&quot;\/media\/43x43\/Photosite\/PGC\/BOISSONS\/3286170903120_PHOTOSITE_20200924_164841_0.jpg?placeholder=1&quot;}],&quot;promotion&quot;:null,&quot;isDonation&quot;:false,&quot;highlightLabel&quot;:null,&quot;seller&quot;:null,&quot;sellerId&quot;:null,&quot;marketplace&quot;:null,&quot;freshness&quot;:null,&quot;traceability&quot;:null,&quot;flags&quot;:[&quot;flag.common.aop&quot;],&quot;clubs&quot;:[],&quot;packaging&quot;:&quot;la bouteille de 75cL&quot;,&quot;origin&quot;:&quot;&quot;,&quot;format&quot;:&quot;75cL&quot;},&quot;relationships&quot;:{&quot;substitution&quot;:null},&quot;meta&quot;:{&quot;recommendation&quot;:null,&quot;cta&quot;:&quot;buy&quot;,&quot;features&quot;:{&quot;shoppingList&quot;:true,&quot;deletable&quot;:false,&quot;swap&quot;:false,&quot;feedback&quot;:false,&quot;freshness&quot;:true}},&quot;links&quot;:{&quot;self&quot;:&quot;\/p\/vin-rouge-haut-medoc-chateau-larose-trintaudon-3286170903120?t=27074&quot;}}"
  layout="vertical"
  :render-context="{&quot;zone&quot;:&quot;product-list&quot;,&quot;clickAndCollectEnable&quot;:true}"
  >
  <article class="ds-product-card ds-product-card--vertical">
  <div>
              <div class="ds-product-card--vertical-icons">
                <div
  class="add-to-shoppinglist"
  ean="3286170903120"
  is="add-to-shoppinglist"
></div>
      
        
      </div>
        <div class="ds-product-card--vertical-highlightlabel">
      
    </div>
    <div class="ds-product-card--vertical-infos">
      <div class="ds-product-card--vertical-text">
                
<a
  href="/p/vin-rouge-haut-medoc-chateau-larose-trintaudon-3286170903120?t=27074"
  title="Vin rouge Haut-Médoc CHATEAU LAROSE-TRINTAUDON"
  rel=""
  target=""
  class="product-card-title product-card-title__reduced-line-clamp"
>
  

      

<h2 class="ds-title ds-title--s ds-title--medium">
  Vin rouge Haut-Médoc CHATEAU LAROSE-TRINTAUDON
</h2>
</a>
      
                

    

<div class="ds-body-text ds-body-text--size-s ds-body-text--color-standard-3 product-card-packaging">
      la bouteille de 75cL
  </div>
      
                

    

<div class="ds-body-text ds-body-text--size-s ds-body-text--color-standard-3 product-card-per-unit-label">
      16.67 € / Litre
  </div>
      
      </div>
      <div class="ds-product-card--vertical-image">
                
<a
  href="/p/vin-rouge-haut-medoc-chateau-larose-trintaudon-3286170903120?t=27074"
  title="Vin rouge Haut-Médoc CHATEAU LAROSE-TRINTAUDON"
  rel=""
  target=""
  class="product-card-image"
>
  <img
      src="/images/loader-dots.svg"        data-src="/media/280x280/Photosite/PGC/BOISSONS/3286170903120_PHOTOSITE_20200924_164841_0.jpg?placeholder=1"        alt="Vin rouge Haut-Médoc CHATEAU LAROSE-TRINTAUDON"
  class="image image--hidden image--lazy product-card-image__image"
/>
</a>
      
      </div>
    </div>
          <div class="ds-product-card--vertical-badges">
                

  <ul class="product-badges-list" is="product-badges-list" :flags="[&quot;flag.common.aop&quot;]" :modifiers="[&quot;size-m&quot;]">
                            <li class="product-badges-list__item">
            

<a class="product-badge__link product-badge--flag-common-a product-badge--size-m" href="#flag.common.aop" data-flag-id="flag.common.aop">
  <picture class="product-badge__icon">
    <img
      src="/images/badges/flag-common-aop.svg"         alt="Appellation d&#039;origine protégée"
  class="image product-badge__icon__img"
/>
  </picture>
  <span class="product-badge__title">Appellation d&#039;origine protégée</span>
</a>
          </li>
                    </ul>
      
      </div>
        
    
  </div>
  <div>
    <div class="ds-product-card--vertical-promotion">
      
    </div>
    <div class="ds-product-card--vertical-flex">
              
    

    


<div class="product-card-price">
  <div class="product-card-price__price">
    

    

<span class="ds-title ds-title--m product-card-price__price--final">
  12,50€
</span>

      </div>
</div>
      
      <div class="ds-product-card--vertical-cta">
                  
<form
  is="add-to-cart"
  id="data-produit-acheter"
  class="add-to-cart"
  :product="{&quot;type&quot;:&quot;product&quot;,&quot;id&quot;:&quot;product-3286170903120&quot;,&quot;attributes&quot;:{&quot;ean&quot;:&quot;3286170903120&quot;,&quot;cdbase&quot;:&quot;4458022&quot;,&quot;title&quot;:&quot;Vin rouge Haut-M\u00e9doc CHATEAU LAROSE-TRINTAUDON&quot;,&quot;brand&quot;:&quot;REFS.SANS MARQUE&quot;,&quot;slug&quot;:&quot;vin-rouge-haut-medoc-chateau-larose-trintaudon&quot;,&quot;availability&quot;:{&quot;indispensable&quot;:false,&quot;purchasable&quot;:true,&quot;stopped&quot;:false,&quot;suspended&quot;:false,&quot;suspensionReason&quot;:null,&quot;checkable&quot;:false,&quot;currentStoreOffer&quot;:null},&quot;price&quot;:{&quot;price&quot;:12.5,&quot;unitOfMeasure&quot;:&quot;Litre&quot;,&quot;perUnitLabel&quot;:&quot;16.67 \u20ac \/ Litre&quot;,&quot;taxMessage&quot;:&quot;&quot;,&quot;perUnit&quot;:16.670000000000002},&quot;ordering&quot;:{&quot;min&quot;:1,&quot;step&quot;:1,&quot;max&quot;:36},&quot;offerServiceId&quot;:&quot;0261-150-6&quot;,&quot;uri&quot;:&quot;boissons\/cave-a-vins\/vins-rouges\/bordeaux&quot;,&quot;categories&quot;:[{&quot;id&quot;:&quot;27070&quot;,&quot;code&quot;:&quot;R10&quot;,&quot;slug&quot;:&quot;boissons&quot;,&quot;label&quot;:&quot;Boissons&quot;,&quot;uri&quot;:&quot;boissons&quot;,&quot;type&quot;:&quot;RAYON&quot;,&quot;level&quot;:1,&quot;sellerId&quot;:null},{&quot;id&quot;:&quot;27074&quot;,&quot;code&quot;:&quot;R10F02&quot;,&quot;slug&quot;:&quot;cave-a-vins&quot;,&quot;label&quot;:&quot;Cave \u00e0 vins&quot;,&quot;uri&quot;:&quot;boissons\/cave-a-vins&quot;,&quot;type&quot;:&quot;RAYON&quot;,&quot;level&quot;:2,&quot;sellerId&quot;:null},{&quot;id&quot;:&quot;27105&quot;,&quot;code&quot;:&quot;R10F02SF01&quot;,&quot;slug&quot;:&quot;vins-rouges&quot;,&quot;label&quot;:&quot;Vins rouges&quot;,&quot;uri&quot;:&quot;boissons\/cave-a-vins\/vins-rouges&quot;,&quot;type&quot;:&quot;RAYON&quot;,&quot;level&quot;:3,&quot;sellerId&quot;:null},{&quot;id&quot;:&quot;27141&quot;,&quot;code&quot;:&quot;R10F02SF01SS01&quot;,&quot;slug&quot;:&quot;bordeaux&quot;,&quot;label&quot;:&quot;Bordeaux&quot;,&quot;uri&quot;:&quot;boissons\/cave-a-vins\/vins-rouges\/bordeaux&quot;,&quot;type&quot;:&quot;RAYON&quot;,&quot;level&quot;:4,&quot;sellerId&quot;:null}],&quot;topCategoryName&quot;:&quot;Boissons&quot;,&quot;images&quot;:[{&quot;largest&quot;:&quot;\/media\/1500x1500\/Photosite\/PGC\/BOISSONS\/3286170903120_PHOTOSITE_20200924_164841_0.jpg?placeholder=1&quot;,&quot;1500x1500&quot;:&quot;\/media\/1500x1500\/Photosite\/PGC\/BOISSONS\/3286170903120_PHOTOSITE_20200924_164841_0.jpg?placeholder=1&quot;,&quot;540x540&quot;:&quot;\/media\/540x540\/Photosite\/PGC\/BOISSONS\/3286170903120_PHOTOSITE_20200924_164841_0.jpg?placeholder=1&quot;,&quot;380x380&quot;:&quot;\/media\/380x380\/Photosite\/PGC\/BOISSONS\/3286170903120_PHOTOSITE_20200924_164841_0.jpg?placeholder=1&quot;,&quot;340x340&quot;:&quot;\/media\/340x340\/Photosite\/PGC\/BOISSONS\/3286170903120_PHOTOSITE_20200924_164841_0.jpg?placeholder=1&quot;,&quot;340x240&quot;:&quot;\/media\/340x240\/Photosite\/PGC\/BOISSONS\/3286170903120_PHOTOSITE_20200924_164841_0.jpg?placeholder=1&quot;,&quot;280x280&quot;:&quot;\/media\/280x280\/Photosite\/PGC\/BOISSONS\/3286170903120_PHOTOSITE_20200924_164841_0.jpg?placeholder=1&quot;,&quot;195x195&quot;:&quot;\/media\/195x195\/Photosite\/PGC\/BOISSONS\/3286170903120_PHOTOSITE_20200924_164841_0.jpg?placeholder=1&quot;,&quot;150x150&quot;:&quot;\/media\/150x150\/Photosite\/PGC\/BOISSONS\/3286170903120_PHOTOSITE_20200924_164841_0.jpg?placeholder=1&quot;,&quot;43x43&quot;:&quot;\/media\/43x43\/Photosite\/PGC\/BOISSONS\/3286170903120_PHOTOSITE_20200924_164841_0.jpg?placeholder=1&quot;}],&quot;promotion&quot;:null,&quot;isDonation&quot;:false,&quot;highlightLabel&quot;:null,&quot;seller&quot;:null,&quot;sellerId&quot;:null,&quot;marketplace&quot;:null,&quot;freshness&quot;:null,&quot;traceability&quot;:null,&quot;flags&quot;:[&quot;flag.common.aop&quot;],&quot;clubs&quot;:[],&quot;packaging&quot;:&quot;la bouteille de 75cL&quot;,&quot;origin&quot;:&quot;&quot;,&quot;format&quot;:&quot;75cL&quot;},&quot;relationships&quot;:{&quot;substitution&quot;:null},&quot;meta&quot;:{&quot;recommendation&quot;:null,&quot;cta&quot;:&quot;buy&quot;,&quot;features&quot;:{&quot;shoppingList&quot;:true,&quot;deletable&quot;:false,&quot;swap&quot;:false,&quot;feedback&quot;:false,&quot;freshness&quot;:true}},&quot;links&quot;:{&quot;self&quot;:&quot;\/p\/vin-rouge-haut-medoc-chateau-larose-trintaudon-3286170903120?t=27074&quot;}}"
  is-click-and-collect=""
  offer-service-id="0261-150-6"
  basket-service-id=""
  :render-context="{&quot;zone&quot;:&quot;product-list&quot;,&quot;clickAndCollectEnable&quot;:true}" >
  

<button
  class="pl-button pl-button--primary"
        
>
      <span class="pl-button__label">
                    </span>
  </button>
</form>

      
      </div>
    </div>
      </div>
</article>
</div>

                    </li>
            
                <li class="product-grid-item " >
    
                        


<div
  is="ds-product-card"
  class="ds-product-card__twigwrap"
  :index="27"
  :product="{&quot;type&quot;:&quot;product&quot;,&quot;id&quot;:&quot;product-7804300010638&quot;,&quot;attributes&quot;:{&quot;ean&quot;:&quot;7804300010638&quot;,&quot;cdbase&quot;:&quot;758236&quot;,&quot;title&quot;:&quot;Vin Rouge Autres R\u00e9gions Autres Appelations Cabernet Sauvignon -Syrah GATO NEGRO&quot;,&quot;brand&quot;:&quot;REFS.SANS MARQUE&quot;,&quot;slug&quot;:&quot;vin-rouge-autres-regions-autres-appelations-cabernet-sauvignon-syrah-gato-negro&quot;,&quot;availability&quot;:{&quot;indispensable&quot;:false,&quot;purchasable&quot;:true,&quot;stopped&quot;:false,&quot;suspended&quot;:false,&quot;suspensionReason&quot;:null,&quot;checkable&quot;:false,&quot;currentStoreOffer&quot;:null},&quot;price&quot;:{&quot;price&quot;:4.2000000000000002,&quot;unitOfMeasure&quot;:&quot;Litre&quot;,&quot;perUnitLabel&quot;:&quot;5.60 \u20ac \/ Litre&quot;,&quot;taxMessage&quot;:&quot;&quot;,&quot;perUnit&quot;:5.5999999999999996},&quot;ordering&quot;:{&quot;min&quot;:1,&quot;step&quot;:1,&quot;max&quot;:36},&quot;offerServiceId&quot;:&quot;0261-150-6&quot;,&quot;uri&quot;:&quot;boissons\/cave-a-vins\/vins-etrangers&quot;,&quot;categories&quot;:[{&quot;id&quot;:&quot;27070&quot;,&quot;code&quot;:&quot;R10&quot;,&quot;slug&quot;:&quot;boissons&quot;,&quot;label&quot;:&quot;Boissons&quot;,&quot;uri&quot;:&quot;boissons&quot;,&quot;type&quot;:&quot;RAYON&quot;,&quot;level&quot;:1,&quot;sellerId&quot;:null},{&quot;id&quot;:&quot;27074&quot;,&quot;code&quot;:&quot;R10F02&quot;,&quot;slug&quot;:&quot;cave-a-vins&quot;,&quot;label&quot;:&quot;Cave \u00e0 vins&quot;,&quot;uri&quot;:&quot;boissons\/cave-a-vins&quot;,&quot;type&quot;:&quot;RAYON&quot;,&quot;level&quot;:2,&quot;sellerId&quot;:null},{&quot;id&quot;:&quot;27139&quot;,&quot;code&quot;:&quot;R10F02SF04&quot;,&quot;slug&quot;:&quot;vins-etrangers&quot;,&quot;label&quot;:&quot;Vins \u00e9trangers&quot;,&quot;uri&quot;:&quot;boissons\/cave-a-vins\/vins-etrangers&quot;,&quot;type&quot;:&quot;RAYON&quot;,&quot;level&quot;:3,&quot;sellerId&quot;:null}],&quot;topCategoryName&quot;:&quot;Boissons&quot;,&quot;images&quot;:[{&quot;largest&quot;:&quot;\/media\/1500x1500\/Photosite\/PGC\/BOISSONS\/7804300010638_PHOTOSITE_20200513_061512_0.jpg?placeholder=1&quot;,&quot;1500x1500&quot;:&quot;\/media\/1500x1500\/Photosite\/PGC\/BOISSONS\/7804300010638_PHOTOSITE_20200513_061512_0.jpg?placeholder=1&quot;,&quot;540x540&quot;:&quot;\/media\/540x540\/Photosite\/PGC\/BOISSONS\/7804300010638_PHOTOSITE_20200513_061512_0.jpg?placeholder=1&quot;,&quot;380x380&quot;:&quot;\/media\/380x380\/Photosite\/PGC\/BOISSONS\/7804300010638_PHOTOSITE_20200513_061512_0.jpg?placeholder=1&quot;,&quot;340x340&quot;:&quot;\/media\/340x340\/Photosite\/PGC\/BOISSONS\/7804300010638_PHOTOSITE_20200513_061512_0.jpg?placeholder=1&quot;,&quot;340x240&quot;:&quot;\/media\/340x240\/Photosite\/PGC\/BOISSONS\/7804300010638_PHOTOSITE_20200513_061512_0.jpg?placeholder=1&quot;,&quot;280x280&quot;:&quot;\/media\/280x280\/Photosite\/PGC\/BOISSONS\/7804300010638_PHOTOSITE_20200513_061512_0.jpg?placeholder=1&quot;,&quot;195x195&quot;:&quot;\/media\/195x195\/Photosite\/PGC\/BOISSONS\/7804300010638_PHOTOSITE_20200513_061512_0.jpg?placeholder=1&quot;,&quot;150x150&quot;:&quot;\/media\/150x150\/Photosite\/PGC\/BOISSONS\/7804300010638_PHOTOSITE_20200513_061512_0.jpg?placeholder=1&quot;,&quot;43x43&quot;:&quot;\/media\/43x43\/Photosite\/PGC\/BOISSONS\/7804300010638_PHOTOSITE_20200513_061512_0.jpg?placeholder=1&quot;}],&quot;promotion&quot;:null,&quot;isDonation&quot;:false,&quot;highlightLabel&quot;:null,&quot;seller&quot;:null,&quot;sellerId&quot;:null,&quot;marketplace&quot;:null,&quot;freshness&quot;:null,&quot;traceability&quot;:null,&quot;flags&quot;:[],&quot;clubs&quot;:[],&quot;packaging&quot;:&quot;la bouteille de 75cL&quot;,&quot;origin&quot;:&quot;&quot;,&quot;format&quot;:&quot;75cL&quot;},&quot;relationships&quot;:{&quot;substitution&quot;:null},&quot;meta&quot;:{&quot;recommendation&quot;:null,&quot;cta&quot;:&quot;buy&quot;,&quot;features&quot;:{&quot;shoppingList&quot;:true,&quot;deletable&quot;:false,&quot;swap&quot;:false,&quot;feedback&quot;:false,&quot;freshness&quot;:true}},&quot;links&quot;:{&quot;self&quot;:&quot;\/p\/vin-rouge-autres-regions-autres-appelations-cabernet-sauvignon-syrah-gato-negro-7804300010638?t=27074&quot;}}"
  layout="vertical"
  :render-context="{&quot;zone&quot;:&quot;product-list&quot;,&quot;clickAndCollectEnable&quot;:true}"
  >
  <article class="ds-product-card ds-product-card--vertical">
  <div>
              <div class="ds-product-card--vertical-icons">
                <div
  class="add-to-shoppinglist"
  ean="7804300010638"
  is="add-to-shoppinglist"
></div>
      
        
      </div>
        <div class="ds-product-card--vertical-highlightlabel">
      
    </div>
    <div class="ds-product-card--vertical-infos">
      <div class="ds-product-card--vertical-text">
                
<a
  href="/p/vin-rouge-autres-regions-autres-appelations-cabernet-sauvignon-syrah-gato-negro-7804300010638?t=27074"
  title="Vin Rouge Autres Régions Autres Appelations Cabernet Sauvignon -Syrah GATO NEGRO"
  rel=""
  target=""
  class="product-card-title product-card-title__reduced-line-clamp"
>
  

      

<h2 class="ds-title ds-title--s ds-title--medium">
  Vin Rouge Autres Régions Autres Appelations Cabernet Sauvignon -Syrah GATO NEGRO
</h2>
</a>
      
                

    

<div class="ds-body-text ds-body-text--size-s ds-body-text--color-standard-3 product-card-packaging">
      la bouteille de 75cL
  </div>
      
                

    

<div class="ds-body-text ds-body-text--size-s ds-body-text--color-standard-3 product-card-per-unit-label">
      5.60 € / Litre
  </div>
      
      </div>
      <div class="ds-product-card--vertical-image">
                
<a
  href="/p/vin-rouge-autres-regions-autres-appelations-cabernet-sauvignon-syrah-gato-negro-7804300010638?t=27074"
  title="Vin Rouge Autres Régions Autres Appelations Cabernet Sauvignon -Syrah GATO NEGRO"
  rel=""
  target=""
  class="product-card-image"
>
  <img
      src="/images/loader-dots.svg"        data-src="/media/280x280/Photosite/PGC/BOISSONS/7804300010638_PHOTOSITE_20200513_061512_0.jpg?placeholder=1"        alt="Vin Rouge Autres Régions Autres Appelations Cabernet Sauvignon -Syrah GATO NEGRO"
  class="image image--hidden image--lazy product-card-image__image"
/>
</a>
      
      </div>
    </div>
        
    
  </div>
  <div>
    <div class="ds-product-card--vertical-promotion">
      
    </div>
    <div class="ds-product-card--vertical-flex">
              
    

    


<div class="product-card-price">
  <div class="product-card-price__price">
    

    

<span class="ds-title ds-title--m product-card-price__price--final">
  4,20€
</span>

      </div>
</div>
      
      <div class="ds-product-card--vertical-cta">
                  
<form
  is="add-to-cart"
  id="data-produit-acheter"
  class="add-to-cart"
  :product="{&quot;type&quot;:&quot;product&quot;,&quot;id&quot;:&quot;product-7804300010638&quot;,&quot;attributes&quot;:{&quot;ean&quot;:&quot;7804300010638&quot;,&quot;cdbase&quot;:&quot;758236&quot;,&quot;title&quot;:&quot;Vin Rouge Autres R\u00e9gions Autres Appelations Cabernet Sauvignon -Syrah GATO NEGRO&quot;,&quot;brand&quot;:&quot;REFS.SANS MARQUE&quot;,&quot;slug&quot;:&quot;vin-rouge-autres-regions-autres-appelations-cabernet-sauvignon-syrah-gato-negro&quot;,&quot;availability&quot;:{&quot;indispensable&quot;:false,&quot;purchasable&quot;:true,&quot;stopped&quot;:false,&quot;suspended&quot;:false,&quot;suspensionReason&quot;:null,&quot;checkable&quot;:false,&quot;currentStoreOffer&quot;:null},&quot;price&quot;:{&quot;price&quot;:4.2000000000000002,&quot;unitOfMeasure&quot;:&quot;Litre&quot;,&quot;perUnitLabel&quot;:&quot;5.60 \u20ac \/ Litre&quot;,&quot;taxMessage&quot;:&quot;&quot;,&quot;perUnit&quot;:5.5999999999999996},&quot;ordering&quot;:{&quot;min&quot;:1,&quot;step&quot;:1,&quot;max&quot;:36},&quot;offerServiceId&quot;:&quot;0261-150-6&quot;,&quot;uri&quot;:&quot;boissons\/cave-a-vins\/vins-etrangers&quot;,&quot;categories&quot;:[{&quot;id&quot;:&quot;27070&quot;,&quot;code&quot;:&quot;R10&quot;,&quot;slug&quot;:&quot;boissons&quot;,&quot;label&quot;:&quot;Boissons&quot;,&quot;uri&quot;:&quot;boissons&quot;,&quot;type&quot;:&quot;RAYON&quot;,&quot;level&quot;:1,&quot;sellerId&quot;:null},{&quot;id&quot;:&quot;27074&quot;,&quot;code&quot;:&quot;R10F02&quot;,&quot;slug&quot;:&quot;cave-a-vins&quot;,&quot;label&quot;:&quot;Cave \u00e0 vins&quot;,&quot;uri&quot;:&quot;boissons\/cave-a-vins&quot;,&quot;type&quot;:&quot;RAYON&quot;,&quot;level&quot;:2,&quot;sellerId&quot;:null},{&quot;id&quot;:&quot;27139&quot;,&quot;code&quot;:&quot;R10F02SF04&quot;,&quot;slug&quot;:&quot;vins-etrangers&quot;,&quot;label&quot;:&quot;Vins \u00e9trangers&quot;,&quot;uri&quot;:&quot;boissons\/cave-a-vins\/vins-etrangers&quot;,&quot;type&quot;:&quot;RAYON&quot;,&quot;level&quot;:3,&quot;sellerId&quot;:null}],&quot;topCategoryName&quot;:&quot;Boissons&quot;,&quot;images&quot;:[{&quot;largest&quot;:&quot;\/media\/1500x1500\/Photosite\/PGC\/BOISSONS\/7804300010638_PHOTOSITE_20200513_061512_0.jpg?placeholder=1&quot;,&quot;1500x1500&quot;:&quot;\/media\/1500x1500\/Photosite\/PGC\/BOISSONS\/7804300010638_PHOTOSITE_20200513_061512_0.jpg?placeholder=1&quot;,&quot;540x540&quot;:&quot;\/media\/540x540\/Photosite\/PGC\/BOISSONS\/7804300010638_PHOTOSITE_20200513_061512_0.jpg?placeholder=1&quot;,&quot;380x380&quot;:&quot;\/media\/380x380\/Photosite\/PGC\/BOISSONS\/7804300010638_PHOTOSITE_20200513_061512_0.jpg?placeholder=1&quot;,&quot;340x340&quot;:&quot;\/media\/340x340\/Photosite\/PGC\/BOISSONS\/7804300010638_PHOTOSITE_20200513_061512_0.jpg?placeholder=1&quot;,&quot;340x240&quot;:&quot;\/media\/340x240\/Photosite\/PGC\/BOISSONS\/7804300010638_PHOTOSITE_20200513_061512_0.jpg?placeholder=1&quot;,&quot;280x280&quot;:&quot;\/media\/280x280\/Photosite\/PGC\/BOISSONS\/7804300010638_PHOTOSITE_20200513_061512_0.jpg?placeholder=1&quot;,&quot;195x195&quot;:&quot;\/media\/195x195\/Photosite\/PGC\/BOISSONS\/7804300010638_PHOTOSITE_20200513_061512_0.jpg?placeholder=1&quot;,&quot;150x150&quot;:&quot;\/media\/150x150\/Photosite\/PGC\/BOISSONS\/7804300010638_PHOTOSITE_20200513_061512_0.jpg?placeholder=1&quot;,&quot;43x43&quot;:&quot;\/media\/43x43\/Photosite\/PGC\/BOISSONS\/7804300010638_PHOTOSITE_20200513_061512_0.jpg?placeholder=1&quot;}],&quot;promotion&quot;:null,&quot;isDonation&quot;:false,&quot;highlightLabel&quot;:null,&quot;seller&quot;:null,&quot;sellerId&quot;:null,&quot;marketplace&quot;:null,&quot;freshness&quot;:null,&quot;traceability&quot;:null,&quot;flags&quot;:[],&quot;clubs&quot;:[],&quot;packaging&quot;:&quot;la bouteille de 75cL&quot;,&quot;origin&quot;:&quot;&quot;,&quot;format&quot;:&quot;75cL&quot;},&quot;relationships&quot;:{&quot;substitution&quot;:null},&quot;meta&quot;:{&quot;recommendation&quot;:null,&quot;cta&quot;:&quot;buy&quot;,&quot;features&quot;:{&quot;shoppingList&quot;:true,&quot;deletable&quot;:false,&quot;swap&quot;:false,&quot;feedback&quot;:false,&quot;freshness&quot;:true}},&quot;links&quot;:{&quot;self&quot;:&quot;\/p\/vin-rouge-autres-regions-autres-appelations-cabernet-sauvignon-syrah-gato-negro-7804300010638?t=27074&quot;}}"
  is-click-and-collect=""
  offer-service-id="0261-150-6"
  basket-service-id=""
  :render-context="{&quot;zone&quot;:&quot;product-list&quot;,&quot;clickAndCollectEnable&quot;:true}" >
  

<button
  class="pl-button pl-button--primary"
        
>
      <span class="pl-button__label">
                    </span>
  </button>
</form>

      
      </div>
    </div>
      </div>
</article>
</div>

                    </li>
            
                <li class="product-grid-item " >
    
                        


<div
  is="ds-product-card"
  class="ds-product-card__twigwrap"
  :index="28"
  :product="{&quot;type&quot;:&quot;product&quot;,&quot;id&quot;:&quot;product-3424150032402&quot;,&quot;attributes&quot;:{&quot;ean&quot;:&quot;3424150032402&quot;,&quot;cdbase&quot;:&quot;4165777&quot;,&quot;title&quot;:&quot;Vin ros\u00e9  VIGNERONS DU CASTELAS&quot;,&quot;brand&quot;:&quot;REFS.SANS MARQUE&quot;,&quot;slug&quot;:&quot;vin-rose-vignerons-du-castelas&quot;,&quot;availability&quot;:{&quot;indispensable&quot;:false,&quot;purchasable&quot;:true,&quot;stopped&quot;:false,&quot;suspended&quot;:false,&quot;suspensionReason&quot;:null,&quot;checkable&quot;:false,&quot;currentStoreOffer&quot;:null},&quot;price&quot;:{&quot;price&quot;:15.5,&quot;unitOfMeasure&quot;:&quot;Litre&quot;,&quot;perUnitLabel&quot;:&quot;3.10 \u20ac \/ Litre&quot;,&quot;taxMessage&quot;:&quot;&quot;,&quot;perUnit&quot;:3.1000000000000001},&quot;ordering&quot;:{&quot;min&quot;:1,&quot;step&quot;:1,&quot;max&quot;:36},&quot;offerServiceId&quot;:&quot;0261-150-6&quot;,&quot;uri&quot;:&quot;boissons\/cave-a-vins\/fontaines-vins&quot;,&quot;categories&quot;:[{&quot;id&quot;:&quot;27070&quot;,&quot;code&quot;:&quot;R10&quot;,&quot;slug&quot;:&quot;boissons&quot;,&quot;label&quot;:&quot;Boissons&quot;,&quot;uri&quot;:&quot;boissons&quot;,&quot;type&quot;:&quot;RAYON&quot;,&quot;level&quot;:1,&quot;sellerId&quot;:null},{&quot;id&quot;:&quot;27074&quot;,&quot;code&quot;:&quot;R10F02&quot;,&quot;slug&quot;:&quot;cave-a-vins&quot;,&quot;label&quot;:&quot;Cave \u00e0 vins&quot;,&quot;uri&quot;:&quot;boissons\/cave-a-vins&quot;,&quot;type&quot;:&quot;RAYON&quot;,&quot;level&quot;:2,&quot;sellerId&quot;:null},{&quot;id&quot;:&quot;27140&quot;,&quot;code&quot;:&quot;R10F02SF05&quot;,&quot;slug&quot;:&quot;fontaines-vins&quot;,&quot;label&quot;:&quot;Fontaines \u00e0 vins&quot;,&quot;uri&quot;:&quot;boissons\/cave-a-vins\/fontaines-vins&quot;,&quot;type&quot;:&quot;RAYON&quot;,&quot;level&quot;:3,&quot;sellerId&quot;:null}],&quot;topCategoryName&quot;:&quot;Boissons&quot;,&quot;images&quot;:[{&quot;largest&quot;:&quot;\/media\/1500x1500\/Photosite\/PGC\/BOISSONS\/3424150032402_PHOTOSITE_20150911_164550_0.jpg?placeholder=1&quot;,&quot;1500x1500&quot;:&quot;\/media\/1500x1500\/Photosite\/PGC\/BOISSONS\/3424150032402_PHOTOSITE_20150911_164550_0.jpg?placeholder=1&quot;,&quot;540x540&quot;:&quot;\/media\/540x540\/Photosite\/PGC\/BOISSONS\/3424150032402_PHOTOSITE_20150911_164550_0.jpg?placeholder=1&quot;,&quot;380x380&quot;:&quot;\/media\/380x380\/Photosite\/PGC\/BOISSONS\/3424150032402_PHOTOSITE_20150911_164550_0.jpg?placeholder=1&quot;,&quot;340x340&quot;:&quot;\/media\/340x340\/Photosite\/PGC\/BOISSONS\/3424150032402_PHOTOSITE_20150911_164550_0.jpg?placeholder=1&quot;,&quot;340x240&quot;:&quot;\/media\/340x240\/Photosite\/PGC\/BOISSONS\/3424150032402_PHOTOSITE_20150911_164550_0.jpg?placeholder=1&quot;,&quot;280x280&quot;:&quot;\/media\/280x280\/Photosite\/PGC\/BOISSONS\/3424150032402_PHOTOSITE_20150911_164550_0.jpg?placeholder=1&quot;,&quot;195x195&quot;:&quot;\/media\/195x195\/Photosite\/PGC\/BOISSONS\/3424150032402_PHOTOSITE_20150911_164550_0.jpg?placeholder=1&quot;,&quot;150x150&quot;:&quot;\/media\/150x150\/Photosite\/PGC\/BOISSONS\/3424150032402_PHOTOSITE_20150911_164550_0.jpg?placeholder=1&quot;,&quot;43x43&quot;:&quot;\/media\/43x43\/Photosite\/PGC\/BOISSONS\/3424150032402_PHOTOSITE_20150911_164550_0.jpg?placeholder=1&quot;},{&quot;largest&quot;:&quot;\/media\/1500x1500\/Photosite\/PGC\/BOISSONS\/3424150032402_PHOTOSITE_20150911_164550_2.jpg?placeholder=1&quot;,&quot;1500x1500&quot;:&quot;\/media\/1500x1500\/Photosite\/PGC\/BOISSONS\/3424150032402_PHOTOSITE_20150911_164550_2.jpg?placeholder=1&quot;,&quot;540x540&quot;:&quot;\/media\/540x540\/Photosite\/PGC\/BOISSONS\/3424150032402_PHOTOSITE_20150911_164550_2.jpg?placeholder=1&quot;,&quot;380x380&quot;:&quot;\/media\/380x380\/Photosite\/PGC\/BOISSONS\/3424150032402_PHOTOSITE_20150911_164550_2.jpg?placeholder=1&quot;,&quot;340x340&quot;:&quot;\/media\/340x340\/Photosite\/PGC\/BOISSONS\/3424150032402_PHOTOSITE_20150911_164550_2.jpg?placeholder=1&quot;,&quot;340x240&quot;:&quot;\/media\/340x240\/Photosite\/PGC\/BOISSONS\/3424150032402_PHOTOSITE_20150911_164550_2.jpg?placeholder=1&quot;,&quot;280x280&quot;:&quot;\/media\/280x280\/Photosite\/PGC\/BOISSONS\/3424150032402_PHOTOSITE_20150911_164550_2.jpg?placeholder=1&quot;,&quot;195x195&quot;:&quot;\/media\/195x195\/Photosite\/PGC\/BOISSONS\/3424150032402_PHOTOSITE_20150911_164550_2.jpg?placeholder=1&quot;,&quot;150x150&quot;:&quot;\/media\/150x150\/Photosite\/PGC\/BOISSONS\/3424150032402_PHOTOSITE_20150911_164550_2.jpg?placeholder=1&quot;,&quot;43x43&quot;:&quot;\/media\/43x43\/Photosite\/PGC\/BOISSONS\/3424150032402_PHOTOSITE_20150911_164550_2.jpg?placeholder=1&quot;},{&quot;largest&quot;:&quot;\/media\/1500x1500\/Photosite\/PGC\/BOISSONS\/3424150032402_PHOTOSITE_20150911_164550_3.jpg?placeholder=1&quot;,&quot;1500x1500&quot;:&quot;\/media\/1500x1500\/Photosite\/PGC\/BOISSONS\/3424150032402_PHOTOSITE_20150911_164550_3.jpg?placeholder=1&quot;,&quot;540x540&quot;:&quot;\/media\/540x540\/Photosite\/PGC\/BOISSONS\/3424150032402_PHOTOSITE_20150911_164550_3.jpg?placeholder=1&quot;,&quot;380x380&quot;:&quot;\/media\/380x380\/Photosite\/PGC\/BOISSONS\/3424150032402_PHOTOSITE_20150911_164550_3.jpg?placeholder=1&quot;,&quot;340x340&quot;:&quot;\/media\/340x340\/Photosite\/PGC\/BOISSONS\/3424150032402_PHOTOSITE_20150911_164550_3.jpg?placeholder=1&quot;,&quot;340x240&quot;:&quot;\/media\/340x240\/Photosite\/PGC\/BOISSONS\/3424150032402_PHOTOSITE_20150911_164550_3.jpg?placeholder=1&quot;,&quot;280x280&quot;:&quot;\/media\/280x280\/Photosite\/PGC\/BOISSONS\/3424150032402_PHOTOSITE_20150911_164550_3.jpg?placeholder=1&quot;,&quot;195x195&quot;:&quot;\/media\/195x195\/Photosite\/PGC\/BOISSONS\/3424150032402_PHOTOSITE_20150911_164550_3.jpg?placeholder=1&quot;,&quot;150x150&quot;:&quot;\/media\/150x150\/Photosite\/PGC\/BOISSONS\/3424150032402_PHOTOSITE_20150911_164550_3.jpg?placeholder=1&quot;,&quot;43x43&quot;:&quot;\/media\/43x43\/Photosite\/PGC\/BOISSONS\/3424150032402_PHOTOSITE_20150911_164550_3.jpg?placeholder=1&quot;},{&quot;largest&quot;:&quot;\/media\/1500x1500\/Photosite\/PGC\/BOISSONS\/3424150032402_PHOTOSITE_20150911_164550_7.jpg?placeholder=1&quot;,&quot;1500x1500&quot;:&quot;\/media\/1500x1500\/Photosite\/PGC\/BOISSONS\/3424150032402_PHOTOSITE_20150911_164550_7.jpg?placeholder=1&quot;,&quot;540x540&quot;:&quot;\/media\/540x540\/Photosite\/PGC\/BOISSONS\/3424150032402_PHOTOSITE_20150911_164550_7.jpg?placeholder=1&quot;,&quot;380x380&quot;:&quot;\/media\/380x380\/Photosite\/PGC\/BOISSONS\/3424150032402_PHOTOSITE_20150911_164550_7.jpg?placeholder=1&quot;,&quot;340x340&quot;:&quot;\/media\/340x340\/Photosite\/PGC\/BOISSONS\/3424150032402_PHOTOSITE_20150911_164550_7.jpg?placeholder=1&quot;,&quot;340x240&quot;:&quot;\/media\/340x240\/Photosite\/PGC\/BOISSONS\/3424150032402_PHOTOSITE_20150911_164550_7.jpg?placeholder=1&quot;,&quot;280x280&quot;:&quot;\/media\/280x280\/Photosite\/PGC\/BOISSONS\/3424150032402_PHOTOSITE_20150911_164550_7.jpg?placeholder=1&quot;,&quot;195x195&quot;:&quot;\/media\/195x195\/Photosite\/PGC\/BOISSONS\/3424150032402_PHOTOSITE_20150911_164550_7.jpg?placeholder=1&quot;,&quot;150x150&quot;:&quot;\/media\/150x150\/Photosite\/PGC\/BOISSONS\/3424150032402_PHOTOSITE_20150911_164550_7.jpg?placeholder=1&quot;,&quot;43x43&quot;:&quot;\/media\/43x43\/Photosite\/PGC\/BOISSONS\/3424150032402_PHOTOSITE_20150911_164550_7.jpg?placeholder=1&quot;},{&quot;largest&quot;:&quot;\/media\/1500x1500\/Photosite\/PGC\/BOISSONS\/3424150032402_PHOTOSITE_20150911_164550_8.jpg?placeholder=1&quot;,&quot;1500x1500&quot;:&quot;\/media\/1500x1500\/Photosite\/PGC\/BOISSONS\/3424150032402_PHOTOSITE_20150911_164550_8.jpg?placeholder=1&quot;,&quot;540x540&quot;:&quot;\/media\/540x540\/Photosite\/PGC\/BOISSONS\/3424150032402_PHOTOSITE_20150911_164550_8.jpg?placeholder=1&quot;,&quot;380x380&quot;:&quot;\/media\/380x380\/Photosite\/PGC\/BOISSONS\/3424150032402_PHOTOSITE_20150911_164550_8.jpg?placeholder=1&quot;,&quot;340x340&quot;:&quot;\/media\/340x340\/Photosite\/PGC\/BOISSONS\/3424150032402_PHOTOSITE_20150911_164550_8.jpg?placeholder=1&quot;,&quot;340x240&quot;:&quot;\/media\/340x240\/Photosite\/PGC\/BOISSONS\/3424150032402_PHOTOSITE_20150911_164550_8.jpg?placeholder=1&quot;,&quot;280x280&quot;:&quot;\/media\/280x280\/Photosite\/PGC\/BOISSONS\/3424150032402_PHOTOSITE_20150911_164550_8.jpg?placeholder=1&quot;,&quot;195x195&quot;:&quot;\/media\/195x195\/Photosite\/PGC\/BOISSONS\/3424150032402_PHOTOSITE_20150911_164550_8.jpg?placeholder=1&quot;,&quot;150x150&quot;:&quot;\/media\/150x150\/Photosite\/PGC\/BOISSONS\/3424150032402_PHOTOSITE_20150911_164550_8.jpg?placeholder=1&quot;,&quot;43x43&quot;:&quot;\/media\/43x43\/Photosite\/PGC\/BOISSONS\/3424150032402_PHOTOSITE_20150911_164550_8.jpg?placeholder=1&quot;}],&quot;promotion&quot;:null,&quot;isDonation&quot;:false,&quot;highlightLabel&quot;:null,&quot;seller&quot;:null,&quot;sellerId&quot;:null,&quot;marketplace&quot;:null,&quot;freshness&quot;:null,&quot;traceability&quot;:null,&quot;flags&quot;:[&quot;flag.common.igp&quot;],&quot;clubs&quot;:[],&quot;packaging&quot;:&quot;la fontaine de 5L&quot;,&quot;origin&quot;:&quot;&quot;,&quot;format&quot;:&quot;5L&quot;},&quot;relationships&quot;:{&quot;substitution&quot;:null},&quot;meta&quot;:{&quot;recommendation&quot;:null,&quot;cta&quot;:&quot;buy&quot;,&quot;features&quot;:{&quot;shoppingList&quot;:true,&quot;deletable&quot;:false,&quot;swap&quot;:false,&quot;feedback&quot;:false,&quot;freshness&quot;:true}},&quot;links&quot;:{&quot;self&quot;:&quot;\/p\/vin-rose-vignerons-du-castelas-3424150032402?t=27074&quot;}}"
  layout="vertical"
  :render-context="{&quot;zone&quot;:&quot;product-list&quot;,&quot;clickAndCollectEnable&quot;:true}"
  >
  <article class="ds-product-card ds-product-card--vertical">
  <div>
              <div class="ds-product-card--vertical-icons">
                <div
  class="add-to-shoppinglist"
  ean="3424150032402"
  is="add-to-shoppinglist"
></div>
      
        
      </div>
        <div class="ds-product-card--vertical-highlightlabel">
      
    </div>
    <div class="ds-product-card--vertical-infos">
      <div class="ds-product-card--vertical-text">
                
<a
  href="/p/vin-rose-vignerons-du-castelas-3424150032402?t=27074"
  title="Vin rosé  VIGNERONS DU CASTELAS"
  rel=""
  target=""
  class="product-card-title product-card-title__reduced-line-clamp"
>
  

      

<h2 class="ds-title ds-title--s ds-title--medium">
  Vin rosé  VIGNERONS DU CASTELAS
</h2>
</a>
      
                

    

<div class="ds-body-text ds-body-text--size-s ds-body-text--color-standard-3 product-card-packaging">
      la fontaine de 5L
  </div>
      
                

    

<div class="ds-body-text ds-body-text--size-s ds-body-text--color-standard-3 product-card-per-unit-label">
      3.10 € / Litre
  </div>
      
      </div>
      <div class="ds-product-card--vertical-image">
                
<a
  href="/p/vin-rose-vignerons-du-castelas-3424150032402?t=27074"
  title="Vin rosé  VIGNERONS DU CASTELAS"
  rel=""
  target=""
  class="product-card-image"
>
  <img
      src="/images/loader-dots.svg"        data-src="/media/280x280/Photosite/PGC/BOISSONS/3424150032402_PHOTOSITE_20150911_164550_0.jpg?placeholder=1"        alt="Vin rosé  VIGNERONS DU CASTELAS"
  class="image image--hidden image--lazy product-card-image__image"
/>
</a>
      
      </div>
    </div>
          <div class="ds-product-card--vertical-badges">
                

  <ul class="product-badges-list" is="product-badges-list" :flags="[&quot;flag.common.igp&quot;]" :modifiers="[&quot;size-m&quot;]">
                            <li class="product-badges-list__item">
            

<a class="product-badge__link product-badge--flag-common-i product-badge--size-m" href="#flag.common.igp" data-flag-id="flag.common.igp">
  <picture class="product-badge__icon">
    <img
      src="/images/badges/flag-common-igp.svg"         alt="Indication géographique protégée"
  class="image product-badge__icon__img"
/>
  </picture>
  <span class="product-badge__title">Indication géographique protégée</span>
</a>
          </li>
                    </ul>
      
      </div>
        
    
  </div>
  <div>
    <div class="ds-product-card--vertical-promotion">
      
    </div>
    <div class="ds-product-card--vertical-flex">
              
    

    


<div class="product-card-price">
  <div class="product-card-price__price">
    

    

<span class="ds-title ds-title--m product-card-price__price--final">
  15,50€
</span>

      </div>
</div>
      
      <div class="ds-product-card--vertical-cta">
                  
<form
  is="add-to-cart"
  id="data-produit-acheter"
  class="add-to-cart"
  :product="{&quot;type&quot;:&quot;product&quot;,&quot;id&quot;:&quot;product-3424150032402&quot;,&quot;attributes&quot;:{&quot;ean&quot;:&quot;3424150032402&quot;,&quot;cdbase&quot;:&quot;4165777&quot;,&quot;title&quot;:&quot;Vin ros\u00e9  VIGNERONS DU CASTELAS&quot;,&quot;brand&quot;:&quot;REFS.SANS MARQUE&quot;,&quot;slug&quot;:&quot;vin-rose-vignerons-du-castelas&quot;,&quot;availability&quot;:{&quot;indispensable&quot;:false,&quot;purchasable&quot;:true,&quot;stopped&quot;:false,&quot;suspended&quot;:false,&quot;suspensionReason&quot;:null,&quot;checkable&quot;:false,&quot;currentStoreOffer&quot;:null},&quot;price&quot;:{&quot;price&quot;:15.5,&quot;unitOfMeasure&quot;:&quot;Litre&quot;,&quot;perUnitLabel&quot;:&quot;3.10 \u20ac \/ Litre&quot;,&quot;taxMessage&quot;:&quot;&quot;,&quot;perUnit&quot;:3.1000000000000001},&quot;ordering&quot;:{&quot;min&quot;:1,&quot;step&quot;:1,&quot;max&quot;:36},&quot;offerServiceId&quot;:&quot;0261-150-6&quot;,&quot;uri&quot;:&quot;boissons\/cave-a-vins\/fontaines-vins&quot;,&quot;categories&quot;:[{&quot;id&quot;:&quot;27070&quot;,&quot;code&quot;:&quot;R10&quot;,&quot;slug&quot;:&quot;boissons&quot;,&quot;label&quot;:&quot;Boissons&quot;,&quot;uri&quot;:&quot;boissons&quot;,&quot;type&quot;:&quot;RAYON&quot;,&quot;level&quot;:1,&quot;sellerId&quot;:null},{&quot;id&quot;:&quot;27074&quot;,&quot;code&quot;:&quot;R10F02&quot;,&quot;slug&quot;:&quot;cave-a-vins&quot;,&quot;label&quot;:&quot;Cave \u00e0 vins&quot;,&quot;uri&quot;:&quot;boissons\/cave-a-vins&quot;,&quot;type&quot;:&quot;RAYON&quot;,&quot;level&quot;:2,&quot;sellerId&quot;:null},{&quot;id&quot;:&quot;27140&quot;,&quot;code&quot;:&quot;R10F02SF05&quot;,&quot;slug&quot;:&quot;fontaines-vins&quot;,&quot;label&quot;:&quot;Fontaines \u00e0 vins&quot;,&quot;uri&quot;:&quot;boissons\/cave-a-vins\/fontaines-vins&quot;,&quot;type&quot;:&quot;RAYON&quot;,&quot;level&quot;:3,&quot;sellerId&quot;:null}],&quot;topCategoryName&quot;:&quot;Boissons&quot;,&quot;images&quot;:[{&quot;largest&quot;:&quot;\/media\/1500x1500\/Photosite\/PGC\/BOISSONS\/3424150032402_PHOTOSITE_20150911_164550_0.jpg?placeholder=1&quot;,&quot;1500x1500&quot;:&quot;\/media\/1500x1500\/Photosite\/PGC\/BOISSONS\/3424150032402_PHOTOSITE_20150911_164550_0.jpg?placeholder=1&quot;,&quot;540x540&quot;:&quot;\/media\/540x540\/Photosite\/PGC\/BOISSONS\/3424150032402_PHOTOSITE_20150911_164550_0.jpg?placeholder=1&quot;,&quot;380x380&quot;:&quot;\/media\/380x380\/Photosite\/PGC\/BOISSONS\/3424150032402_PHOTOSITE_20150911_164550_0.jpg?placeholder=1&quot;,&quot;340x340&quot;:&quot;\/media\/340x340\/Photosite\/PGC\/BOISSONS\/3424150032402_PHOTOSITE_20150911_164550_0.jpg?placeholder=1&quot;,&quot;340x240&quot;:&quot;\/media\/340x240\/Photosite\/PGC\/BOISSONS\/3424150032402_PHOTOSITE_20150911_164550_0.jpg?placeholder=1&quot;,&quot;280x280&quot;:&quot;\/media\/280x280\/Photosite\/PGC\/BOISSONS\/3424150032402_PHOTOSITE_20150911_164550_0.jpg?placeholder=1&quot;,&quot;195x195&quot;:&quot;\/media\/195x195\/Photosite\/PGC\/BOISSONS\/3424150032402_PHOTOSITE_20150911_164550_0.jpg?placeholder=1&quot;,&quot;150x150&quot;:&quot;\/media\/150x150\/Photosite\/PGC\/BOISSONS\/3424150032402_PHOTOSITE_20150911_164550_0.jpg?placeholder=1&quot;,&quot;43x43&quot;:&quot;\/media\/43x43\/Photosite\/PGC\/BOISSONS\/3424150032402_PHOTOSITE_20150911_164550_0.jpg?placeholder=1&quot;},{&quot;largest&quot;:&quot;\/media\/1500x1500\/Photosite\/PGC\/BOISSONS\/3424150032402_PHOTOSITE_20150911_164550_2.jpg?placeholder=1&quot;,&quot;1500x1500&quot;:&quot;\/media\/1500x1500\/Photosite\/PGC\/BOISSONS\/3424150032402_PHOTOSITE_20150911_164550_2.jpg?placeholder=1&quot;,&quot;540x540&quot;:&quot;\/media\/540x540\/Photosite\/PGC\/BOISSONS\/3424150032402_PHOTOSITE_20150911_164550_2.jpg?placeholder=1&quot;,&quot;380x380&quot;:&quot;\/media\/380x380\/Photosite\/PGC\/BOISSONS\/3424150032402_PHOTOSITE_20150911_164550_2.jpg?placeholder=1&quot;,&quot;340x340&quot;:&quot;\/media\/340x340\/Photosite\/PGC\/BOISSONS\/3424150032402_PHOTOSITE_20150911_164550_2.jpg?placeholder=1&quot;,&quot;340x240&quot;:&quot;\/media\/340x240\/Photosite\/PGC\/BOISSONS\/3424150032402_PHOTOSITE_20150911_164550_2.jpg?placeholder=1&quot;,&quot;280x280&quot;:&quot;\/media\/280x280\/Photosite\/PGC\/BOISSONS\/3424150032402_PHOTOSITE_20150911_164550_2.jpg?placeholder=1&quot;,&quot;195x195&quot;:&quot;\/media\/195x195\/Photosite\/PGC\/BOISSONS\/3424150032402_PHOTOSITE_20150911_164550_2.jpg?placeholder=1&quot;,&quot;150x150&quot;:&quot;\/media\/150x150\/Photosite\/PGC\/BOISSONS\/3424150032402_PHOTOSITE_20150911_164550_2.jpg?placeholder=1&quot;,&quot;43x43&quot;:&quot;\/media\/43x43\/Photosite\/PGC\/BOISSONS\/3424150032402_PHOTOSITE_20150911_164550_2.jpg?placeholder=1&quot;},{&quot;largest&quot;:&quot;\/media\/1500x1500\/Photosite\/PGC\/BOISSONS\/3424150032402_PHOTOSITE_20150911_164550_3.jpg?placeholder=1&quot;,&quot;1500x1500&quot;:&quot;\/media\/1500x1500\/Photosite\/PGC\/BOISSONS\/3424150032402_PHOTOSITE_20150911_164550_3.jpg?placeholder=1&quot;,&quot;540x540&quot;:&quot;\/media\/540x540\/Photosite\/PGC\/BOISSONS\/3424150032402_PHOTOSITE_20150911_164550_3.jpg?placeholder=1&quot;,&quot;380x380&quot;:&quot;\/media\/380x380\/Photosite\/PGC\/BOISSONS\/3424150032402_PHOTOSITE_20150911_164550_3.jpg?placeholder=1&quot;,&quot;340x340&quot;:&quot;\/media\/340x340\/Photosite\/PGC\/BOISSONS\/3424150032402_PHOTOSITE_20150911_164550_3.jpg?placeholder=1&quot;,&quot;340x240&quot;:&quot;\/media\/340x240\/Photosite\/PGC\/BOISSONS\/3424150032402_PHOTOSITE_20150911_164550_3.jpg?placeholder=1&quot;,&quot;280x280&quot;:&quot;\/media\/280x280\/Photosite\/PGC\/BOISSONS\/3424150032402_PHOTOSITE_20150911_164550_3.jpg?placeholder=1&quot;,&quot;195x195&quot;:&quot;\/media\/195x195\/Photosite\/PGC\/BOISSONS\/3424150032402_PHOTOSITE_20150911_164550_3.jpg?placeholder=1&quot;,&quot;150x150&quot;:&quot;\/media\/150x150\/Photosite\/PGC\/BOISSONS\/3424150032402_PHOTOSITE_20150911_164550_3.jpg?placeholder=1&quot;,&quot;43x43&quot;:&quot;\/media\/43x43\/Photosite\/PGC\/BOISSONS\/3424150032402_PHOTOSITE_20150911_164550_3.jpg?placeholder=1&quot;},{&quot;largest&quot;:&quot;\/media\/1500x1500\/Photosite\/PGC\/BOISSONS\/3424150032402_PHOTOSITE_20150911_164550_7.jpg?placeholder=1&quot;,&quot;1500x1500&quot;:&quot;\/media\/1500x1500\/Photosite\/PGC\/BOISSONS\/3424150032402_PHOTOSITE_20150911_164550_7.jpg?placeholder=1&quot;,&quot;540x540&quot;:&quot;\/media\/540x540\/Photosite\/PGC\/BOISSONS\/3424150032402_PHOTOSITE_20150911_164550_7.jpg?placeholder=1&quot;,&quot;380x380&quot;:&quot;\/media\/380x380\/Photosite\/PGC\/BOISSONS\/3424150032402_PHOTOSITE_20150911_164550_7.jpg?placeholder=1&quot;,&quot;340x340&quot;:&quot;\/media\/340x340\/Photosite\/PGC\/BOISSONS\/3424150032402_PHOTOSITE_20150911_164550_7.jpg?placeholder=1&quot;,&quot;340x240&quot;:&quot;\/media\/340x240\/Photosite\/PGC\/BOISSONS\/3424150032402_PHOTOSITE_20150911_164550_7.jpg?placeholder=1&quot;,&quot;280x280&quot;:&quot;\/media\/280x280\/Photosite\/PGC\/BOISSONS\/3424150032402_PHOTOSITE_20150911_164550_7.jpg?placeholder=1&quot;,&quot;195x195&quot;:&quot;\/media\/195x195\/Photosite\/PGC\/BOISSONS\/3424150032402_PHOTOSITE_20150911_164550_7.jpg?placeholder=1&quot;,&quot;150x150&quot;:&quot;\/media\/150x150\/Photosite\/PGC\/BOISSONS\/3424150032402_PHOTOSITE_20150911_164550_7.jpg?placeholder=1&quot;,&quot;43x43&quot;:&quot;\/media\/43x43\/Photosite\/PGC\/BOISSONS\/3424150032402_PHOTOSITE_20150911_164550_7.jpg?placeholder=1&quot;},{&quot;largest&quot;:&quot;\/media\/1500x1500\/Photosite\/PGC\/BOISSONS\/3424150032402_PHOTOSITE_20150911_164550_8.jpg?placeholder=1&quot;,&quot;1500x1500&quot;:&quot;\/media\/1500x1500\/Photosite\/PGC\/BOISSONS\/3424150032402_PHOTOSITE_20150911_164550_8.jpg?placeholder=1&quot;,&quot;540x540&quot;:&quot;\/media\/540x540\/Photosite\/PGC\/BOISSONS\/3424150032402_PHOTOSITE_20150911_164550_8.jpg?placeholder=1&quot;,&quot;380x380&quot;:&quot;\/media\/380x380\/Photosite\/PGC\/BOISSONS\/3424150032402_PHOTOSITE_20150911_164550_8.jpg?placeholder=1&quot;,&quot;340x340&quot;:&quot;\/media\/340x340\/Photosite\/PGC\/BOISSONS\/3424150032402_PHOTOSITE_20150911_164550_8.jpg?placeholder=1&quot;,&quot;340x240&quot;:&quot;\/media\/340x240\/Photosite\/PGC\/BOISSONS\/3424150032402_PHOTOSITE_20150911_164550_8.jpg?placeholder=1&quot;,&quot;280x280&quot;:&quot;\/media\/280x280\/Photosite\/PGC\/BOISSONS\/3424150032402_PHOTOSITE_20150911_164550_8.jpg?placeholder=1&quot;,&quot;195x195&quot;:&quot;\/media\/195x195\/Photosite\/PGC\/BOISSONS\/3424150032402_PHOTOSITE_20150911_164550_8.jpg?placeholder=1&quot;,&quot;150x150&quot;:&quot;\/media\/150x150\/Photosite\/PGC\/BOISSONS\/3424150032402_PHOTOSITE_20150911_164550_8.jpg?placeholder=1&quot;,&quot;43x43&quot;:&quot;\/media\/43x43\/Photosite\/PGC\/BOISSONS\/3424150032402_PHOTOSITE_20150911_164550_8.jpg?placeholder=1&quot;}],&quot;promotion&quot;:null,&quot;isDonation&quot;:false,&quot;highlightLabel&quot;:null,&quot;seller&quot;:null,&quot;sellerId&quot;:null,&quot;marketplace&quot;:null,&quot;freshness&quot;:null,&quot;traceability&quot;:null,&quot;flags&quot;:[&quot;flag.common.igp&quot;],&quot;clubs&quot;:[],&quot;packaging&quot;:&quot;la fontaine de 5L&quot;,&quot;origin&quot;:&quot;&quot;,&quot;format&quot;:&quot;5L&quot;},&quot;relationships&quot;:{&quot;substitution&quot;:null},&quot;meta&quot;:{&quot;recommendation&quot;:null,&quot;cta&quot;:&quot;buy&quot;,&quot;features&quot;:{&quot;shoppingList&quot;:true,&quot;deletable&quot;:false,&quot;swap&quot;:false,&quot;feedback&quot;:false,&quot;freshness&quot;:true}},&quot;links&quot;:{&quot;self&quot;:&quot;\/p\/vin-rose-vignerons-du-castelas-3424150032402?t=27074&quot;}}"
  is-click-and-collect=""
  offer-service-id="0261-150-6"
  basket-service-id=""
  :render-context="{&quot;zone&quot;:&quot;product-list&quot;,&quot;clickAndCollectEnable&quot;:true}" >
  

<button
  class="pl-button pl-button--primary"
        
>
      <span class="pl-button__label">
                    </span>
  </button>
</form>

      
      </div>
    </div>
      </div>
</article>
</div>

                    </li>
            
                <li class="product-grid-item " >
    
                        


<div
  is="ds-product-card"
  class="ds-product-card__twigwrap"
  :index="29"
  :product="{&quot;type&quot;:&quot;product&quot;,&quot;id&quot;:&quot;product-3245414928459&quot;,&quot;attributes&quot;:{&quot;ean&quot;:&quot;3245414928459&quot;,&quot;cdbase&quot;:&quot;3830559&quot;,&quot;title&quot;:&quot;Vin rouge Blaye C\u00f4tes de Bordeaux 2016 CAVE AUGUSTIN FLORENT&quot;,&quot;brand&quot;:&quot;CAVE AUGUSTIN FLOREN&quot;,&quot;slug&quot;:&quot;vin-rouge-blaye-cotes-de-bordeaux-2016-cave-augustin-florent&quot;,&quot;availability&quot;:{&quot;indispensable&quot;:false,&quot;purchasable&quot;:true,&quot;stopped&quot;:false,&quot;suspended&quot;:false,&quot;suspensionReason&quot;:null,&quot;checkable&quot;:false,&quot;currentStoreOffer&quot;:null},&quot;price&quot;:{&quot;price&quot;:3.8999999999999999,&quot;unitOfMeasure&quot;:&quot;Litre&quot;,&quot;perUnitLabel&quot;:&quot;5.20 \u20ac \/ Litre&quot;,&quot;taxMessage&quot;:&quot;&quot;,&quot;perUnit&quot;:5.2000000000000002},&quot;ordering&quot;:{&quot;min&quot;:1,&quot;step&quot;:1,&quot;max&quot;:36},&quot;offerServiceId&quot;:&quot;0261-150-6&quot;,&quot;uri&quot;:&quot;boissons\/cave-a-vins\/vins-rouges\/bordeaux&quot;,&quot;categories&quot;:[{&quot;id&quot;:&quot;27070&quot;,&quot;code&quot;:&quot;R10&quot;,&quot;slug&quot;:&quot;boissons&quot;,&quot;label&quot;:&quot;Boissons&quot;,&quot;uri&quot;:&quot;boissons&quot;,&quot;type&quot;:&quot;RAYON&quot;,&quot;level&quot;:1,&quot;sellerId&quot;:null},{&quot;id&quot;:&quot;27074&quot;,&quot;code&quot;:&quot;R10F02&quot;,&quot;slug&quot;:&quot;cave-a-vins&quot;,&quot;label&quot;:&quot;Cave \u00e0 vins&quot;,&quot;uri&quot;:&quot;boissons\/cave-a-vins&quot;,&quot;type&quot;:&quot;RAYON&quot;,&quot;level&quot;:2,&quot;sellerId&quot;:null},{&quot;id&quot;:&quot;27105&quot;,&quot;code&quot;:&quot;R10F02SF01&quot;,&quot;slug&quot;:&quot;vins-rouges&quot;,&quot;label&quot;:&quot;Vins rouges&quot;,&quot;uri&quot;:&quot;boissons\/cave-a-vins\/vins-rouges&quot;,&quot;type&quot;:&quot;RAYON&quot;,&quot;level&quot;:3,&quot;sellerId&quot;:null},{&quot;id&quot;:&quot;27141&quot;,&quot;code&quot;:&quot;R10F02SF01SS01&quot;,&quot;slug&quot;:&quot;bordeaux&quot;,&quot;label&quot;:&quot;Bordeaux&quot;,&quot;uri&quot;:&quot;boissons\/cave-a-vins\/vins-rouges\/bordeaux&quot;,&quot;type&quot;:&quot;RAYON&quot;,&quot;level&quot;:4,&quot;sellerId&quot;:null}],&quot;topCategoryName&quot;:&quot;Boissons&quot;,&quot;images&quot;:[{&quot;largest&quot;:&quot;\/media\/1500x1500\/Photosite\/PGC\/BOISSONS\/3245414928459_PHOTOSITE_20180205_152831_0.jpg?placeholder=1&quot;,&quot;1500x1500&quot;:&quot;\/media\/1500x1500\/Photosite\/PGC\/BOISSONS\/3245414928459_PHOTOSITE_20180205_152831_0.jpg?placeholder=1&quot;,&quot;540x540&quot;:&quot;\/media\/540x540\/Photosite\/PGC\/BOISSONS\/3245414928459_PHOTOSITE_20180205_152831_0.jpg?placeholder=1&quot;,&quot;380x380&quot;:&quot;\/media\/380x380\/Photosite\/PGC\/BOISSONS\/3245414928459_PHOTOSITE_20180205_152831_0.jpg?placeholder=1&quot;,&quot;340x340&quot;:&quot;\/media\/340x340\/Photosite\/PGC\/BOISSONS\/3245414928459_PHOTOSITE_20180205_152831_0.jpg?placeholder=1&quot;,&quot;340x240&quot;:&quot;\/media\/340x240\/Photosite\/PGC\/BOISSONS\/3245414928459_PHOTOSITE_20180205_152831_0.jpg?placeholder=1&quot;,&quot;280x280&quot;:&quot;\/media\/280x280\/Photosite\/PGC\/BOISSONS\/3245414928459_PHOTOSITE_20180205_152831_0.jpg?placeholder=1&quot;,&quot;195x195&quot;:&quot;\/media\/195x195\/Photosite\/PGC\/BOISSONS\/3245414928459_PHOTOSITE_20180205_152831_0.jpg?placeholder=1&quot;,&quot;150x150&quot;:&quot;\/media\/150x150\/Photosite\/PGC\/BOISSONS\/3245414928459_PHOTOSITE_20180205_152831_0.jpg?placeholder=1&quot;,&quot;43x43&quot;:&quot;\/media\/43x43\/Photosite\/PGC\/BOISSONS\/3245414928459_PHOTOSITE_20180205_152831_0.jpg?placeholder=1&quot;},{&quot;largest&quot;:&quot;\/media\/1500x1500\/Photosite\/PGC\/BOISSONS\/3245414928459_PHOTOSITE_20140625_124220_7.jpg?placeholder=1&quot;,&quot;1500x1500&quot;:&quot;\/media\/1500x1500\/Photosite\/PGC\/BOISSONS\/3245414928459_PHOTOSITE_20140625_124220_7.jpg?placeholder=1&quot;,&quot;540x540&quot;:&quot;\/media\/540x540\/Photosite\/PGC\/BOISSONS\/3245414928459_PHOTOSITE_20140625_124220_7.jpg?placeholder=1&quot;,&quot;380x380&quot;:&quot;\/media\/380x380\/Photosite\/PGC\/BOISSONS\/3245414928459_PHOTOSITE_20140625_124220_7.jpg?placeholder=1&quot;,&quot;340x340&quot;:&quot;\/media\/340x340\/Photosite\/PGC\/BOISSONS\/3245414928459_PHOTOSITE_20140625_124220_7.jpg?placeholder=1&quot;,&quot;340x240&quot;:&quot;\/media\/340x240\/Photosite\/PGC\/BOISSONS\/3245414928459_PHOTOSITE_20140625_124220_7.jpg?placeholder=1&quot;,&quot;280x280&quot;:&quot;\/media\/280x280\/Photosite\/PGC\/BOISSONS\/3245414928459_PHOTOSITE_20140625_124220_7.jpg?placeholder=1&quot;,&quot;195x195&quot;:&quot;\/media\/195x195\/Photosite\/PGC\/BOISSONS\/3245414928459_PHOTOSITE_20140625_124220_7.jpg?placeholder=1&quot;,&quot;150x150&quot;:&quot;\/media\/150x150\/Photosite\/PGC\/BOISSONS\/3245414928459_PHOTOSITE_20140625_124220_7.jpg?placeholder=1&quot;,&quot;43x43&quot;:&quot;\/media\/43x43\/Photosite\/PGC\/BOISSONS\/3245414928459_PHOTOSITE_20140625_124220_7.jpg?placeholder=1&quot;}],&quot;promotion&quot;:null,&quot;isDonation&quot;:false,&quot;highlightLabel&quot;:null,&quot;seller&quot;:null,&quot;sellerId&quot;:null,&quot;marketplace&quot;:null,&quot;freshness&quot;:null,&quot;traceability&quot;:null,&quot;flags&quot;:[],&quot;clubs&quot;:[],&quot;packaging&quot;:&quot;la bouteille de 75cL&quot;,&quot;origin&quot;:&quot;&quot;,&quot;format&quot;:&quot;75cL&quot;},&quot;relationships&quot;:{&quot;substitution&quot;:null},&quot;meta&quot;:{&quot;recommendation&quot;:null,&quot;cta&quot;:&quot;buy&quot;,&quot;features&quot;:{&quot;shoppingList&quot;:true,&quot;deletable&quot;:false,&quot;swap&quot;:false,&quot;feedback&quot;:false,&quot;freshness&quot;:true}},&quot;links&quot;:{&quot;self&quot;:&quot;\/p\/vin-rouge-blaye-cotes-de-bordeaux-2016-cave-augustin-florent-3245414928459?t=27074&quot;}}"
  layout="vertical"
  :render-context="{&quot;zone&quot;:&quot;product-list&quot;,&quot;clickAndCollectEnable&quot;:true}"
  >
  <article class="ds-product-card ds-product-card--vertical">
  <div>
              <div class="ds-product-card--vertical-icons">
                <div
  class="add-to-shoppinglist"
  ean="3245414928459"
  is="add-to-shoppinglist"
></div>
      
        
      </div>
        <div class="ds-product-card--vertical-highlightlabel">
      
    </div>
    <div class="ds-product-card--vertical-infos">
      <div class="ds-product-card--vertical-text">
                
<a
  href="/p/vin-rouge-blaye-cotes-de-bordeaux-2016-cave-augustin-florent-3245414928459?t=27074"
  title="Vin rouge Blaye Côtes de Bordeaux 2016 CAVE AUGUSTIN FLORENT"
  rel=""
  target=""
  class="product-card-title product-card-title__reduced-line-clamp"
>
  

      

<h2 class="ds-title ds-title--s ds-title--medium">
  Vin rouge Blaye Côtes de Bordeaux 2016 CAVE AUGUSTIN FLORENT
</h2>
</a>
      
                

    

<div class="ds-body-text ds-body-text--size-s ds-body-text--color-standard-3 product-card-packaging">
      la bouteille de 75cL
  </div>
      
                

    

<div class="ds-body-text ds-body-text--size-s ds-body-text--color-standard-3 product-card-per-unit-label">
      5.20 € / Litre
  </div>
      
      </div>
      <div class="ds-product-card--vertical-image">
                
<a
  href="/p/vin-rouge-blaye-cotes-de-bordeaux-2016-cave-augustin-florent-3245414928459?t=27074"
  title="Vin rouge Blaye Côtes de Bordeaux 2016 CAVE AUGUSTIN FLORENT"
  rel=""
  target=""
  class="product-card-image"
>
  <img
      src="/images/loader-dots.svg"        data-src="/media/280x280/Photosite/PGC/BOISSONS/3245414928459_PHOTOSITE_20180205_152831_0.jpg?placeholder=1"        alt="Vin rouge Blaye Côtes de Bordeaux 2016 CAVE AUGUSTIN FLORENT"
  class="image image--hidden image--lazy product-card-image__image"
/>
</a>
      
      </div>
    </div>
        
    
  </div>
  <div>
    <div class="ds-product-card--vertical-promotion">
      
    </div>
    <div class="ds-product-card--vertical-flex">
              
    

    


<div class="product-card-price">
  <div class="product-card-price__price">
    

    

<span class="ds-title ds-title--m product-card-price__price--final">
  3,90€
</span>

      </div>
</div>
      
      <div class="ds-product-card--vertical-cta">
                  
<form
  is="add-to-cart"
  id="data-produit-acheter"
  class="add-to-cart"
  :product="{&quot;type&quot;:&quot;product&quot;,&quot;id&quot;:&quot;product-3245414928459&quot;,&quot;attributes&quot;:{&quot;ean&quot;:&quot;3245414928459&quot;,&quot;cdbase&quot;:&quot;3830559&quot;,&quot;title&quot;:&quot;Vin rouge Blaye C\u00f4tes de Bordeaux 2016 CAVE AUGUSTIN FLORENT&quot;,&quot;brand&quot;:&quot;CAVE AUGUSTIN FLOREN&quot;,&quot;slug&quot;:&quot;vin-rouge-blaye-cotes-de-bordeaux-2016-cave-augustin-florent&quot;,&quot;availability&quot;:{&quot;indispensable&quot;:false,&quot;purchasable&quot;:true,&quot;stopped&quot;:false,&quot;suspended&quot;:false,&quot;suspensionReason&quot;:null,&quot;checkable&quot;:false,&quot;currentStoreOffer&quot;:null},&quot;price&quot;:{&quot;price&quot;:3.8999999999999999,&quot;unitOfMeasure&quot;:&quot;Litre&quot;,&quot;perUnitLabel&quot;:&quot;5.20 \u20ac \/ Litre&quot;,&quot;taxMessage&quot;:&quot;&quot;,&quot;perUnit&quot;:5.2000000000000002},&quot;ordering&quot;:{&quot;min&quot;:1,&quot;step&quot;:1,&quot;max&quot;:36},&quot;offerServiceId&quot;:&quot;0261-150-6&quot;,&quot;uri&quot;:&quot;boissons\/cave-a-vins\/vins-rouges\/bordeaux&quot;,&quot;categories&quot;:[{&quot;id&quot;:&quot;27070&quot;,&quot;code&quot;:&quot;R10&quot;,&quot;slug&quot;:&quot;boissons&quot;,&quot;label&quot;:&quot;Boissons&quot;,&quot;uri&quot;:&quot;boissons&quot;,&quot;type&quot;:&quot;RAYON&quot;,&quot;level&quot;:1,&quot;sellerId&quot;:null},{&quot;id&quot;:&quot;27074&quot;,&quot;code&quot;:&quot;R10F02&quot;,&quot;slug&quot;:&quot;cave-a-vins&quot;,&quot;label&quot;:&quot;Cave \u00e0 vins&quot;,&quot;uri&quot;:&quot;boissons\/cave-a-vins&quot;,&quot;type&quot;:&quot;RAYON&quot;,&quot;level&quot;:2,&quot;sellerId&quot;:null},{&quot;id&quot;:&quot;27105&quot;,&quot;code&quot;:&quot;R10F02SF01&quot;,&quot;slug&quot;:&quot;vins-rouges&quot;,&quot;label&quot;:&quot;Vins rouges&quot;,&quot;uri&quot;:&quot;boissons\/cave-a-vins\/vins-rouges&quot;,&quot;type&quot;:&quot;RAYON&quot;,&quot;level&quot;:3,&quot;sellerId&quot;:null},{&quot;id&quot;:&quot;27141&quot;,&quot;code&quot;:&quot;R10F02SF01SS01&quot;,&quot;slug&quot;:&quot;bordeaux&quot;,&quot;label&quot;:&quot;Bordeaux&quot;,&quot;uri&quot;:&quot;boissons\/cave-a-vins\/vins-rouges\/bordeaux&quot;,&quot;type&quot;:&quot;RAYON&quot;,&quot;level&quot;:4,&quot;sellerId&quot;:null}],&quot;topCategoryName&quot;:&quot;Boissons&quot;,&quot;images&quot;:[{&quot;largest&quot;:&quot;\/media\/1500x1500\/Photosite\/PGC\/BOISSONS\/3245414928459_PHOTOSITE_20180205_152831_0.jpg?placeholder=1&quot;,&quot;1500x1500&quot;:&quot;\/media\/1500x1500\/Photosite\/PGC\/BOISSONS\/3245414928459_PHOTOSITE_20180205_152831_0.jpg?placeholder=1&quot;,&quot;540x540&quot;:&quot;\/media\/540x540\/Photosite\/PGC\/BOISSONS\/3245414928459_PHOTOSITE_20180205_152831_0.jpg?placeholder=1&quot;,&quot;380x380&quot;:&quot;\/media\/380x380\/Photosite\/PGC\/BOISSONS\/3245414928459_PHOTOSITE_20180205_152831_0.jpg?placeholder=1&quot;,&quot;340x340&quot;:&quot;\/media\/340x340\/Photosite\/PGC\/BOISSONS\/3245414928459_PHOTOSITE_20180205_152831_0.jpg?placeholder=1&quot;,&quot;340x240&quot;:&quot;\/media\/340x240\/Photosite\/PGC\/BOISSONS\/3245414928459_PHOTOSITE_20180205_152831_0.jpg?placeholder=1&quot;,&quot;280x280&quot;:&quot;\/media\/280x280\/Photosite\/PGC\/BOISSONS\/3245414928459_PHOTOSITE_20180205_152831_0.jpg?placeholder=1&quot;,&quot;195x195&quot;:&quot;\/media\/195x195\/Photosite\/PGC\/BOISSONS\/3245414928459_PHOTOSITE_20180205_152831_0.jpg?placeholder=1&quot;,&quot;150x150&quot;:&quot;\/media\/150x150\/Photosite\/PGC\/BOISSONS\/3245414928459_PHOTOSITE_20180205_152831_0.jpg?placeholder=1&quot;,&quot;43x43&quot;:&quot;\/media\/43x43\/Photosite\/PGC\/BOISSONS\/3245414928459_PHOTOSITE_20180205_152831_0.jpg?placeholder=1&quot;},{&quot;largest&quot;:&quot;\/media\/1500x1500\/Photosite\/PGC\/BOISSONS\/3245414928459_PHOTOSITE_20140625_124220_7.jpg?placeholder=1&quot;,&quot;1500x1500&quot;:&quot;\/media\/1500x1500\/Photosite\/PGC\/BOISSONS\/3245414928459_PHOTOSITE_20140625_124220_7.jpg?placeholder=1&quot;,&quot;540x540&quot;:&quot;\/media\/540x540\/Photosite\/PGC\/BOISSONS\/3245414928459_PHOTOSITE_20140625_124220_7.jpg?placeholder=1&quot;,&quot;380x380&quot;:&quot;\/media\/380x380\/Photosite\/PGC\/BOISSONS\/3245414928459_PHOTOSITE_20140625_124220_7.jpg?placeholder=1&quot;,&quot;340x340&quot;:&quot;\/media\/340x340\/Photosite\/PGC\/BOISSONS\/3245414928459_PHOTOSITE_20140625_124220_7.jpg?placeholder=1&quot;,&quot;340x240&quot;:&quot;\/media\/340x240\/Photosite\/PGC\/BOISSONS\/3245414928459_PHOTOSITE_20140625_124220_7.jpg?placeholder=1&quot;,&quot;280x280&quot;:&quot;\/media\/280x280\/Photosite\/PGC\/BOISSONS\/3245414928459_PHOTOSITE_20140625_124220_7.jpg?placeholder=1&quot;,&quot;195x195&quot;:&quot;\/media\/195x195\/Photosite\/PGC\/BOISSONS\/3245414928459_PHOTOSITE_20140625_124220_7.jpg?placeholder=1&quot;,&quot;150x150&quot;:&quot;\/media\/150x150\/Photosite\/PGC\/BOISSONS\/3245414928459_PHOTOSITE_20140625_124220_7.jpg?placeholder=1&quot;,&quot;43x43&quot;:&quot;\/media\/43x43\/Photosite\/PGC\/BOISSONS\/3245414928459_PHOTOSITE_20140625_124220_7.jpg?placeholder=1&quot;}],&quot;promotion&quot;:null,&quot;isDonation&quot;:false,&quot;highlightLabel&quot;:null,&quot;seller&quot;:null,&quot;sellerId&quot;:null,&quot;marketplace&quot;:null,&quot;freshness&quot;:null,&quot;traceability&quot;:null,&quot;flags&quot;:[],&quot;clubs&quot;:[],&quot;packaging&quot;:&quot;la bouteille de 75cL&quot;,&quot;origin&quot;:&quot;&quot;,&quot;format&quot;:&quot;75cL&quot;},&quot;relationships&quot;:{&quot;substitution&quot;:null},&quot;meta&quot;:{&quot;recommendation&quot;:null,&quot;cta&quot;:&quot;buy&quot;,&quot;features&quot;:{&quot;shoppingList&quot;:true,&quot;deletable&quot;:false,&quot;swap&quot;:false,&quot;feedback&quot;:false,&quot;freshness&quot;:true}},&quot;links&quot;:{&quot;self&quot;:&quot;\/p\/vin-rouge-blaye-cotes-de-bordeaux-2016-cave-augustin-florent-3245414928459?t=27074&quot;}}"
  is-click-and-collect=""
  offer-service-id="0261-150-6"
  basket-service-id=""
  :render-context="{&quot;zone&quot;:&quot;product-list&quot;,&quot;clickAndCollectEnable&quot;:true}" >
  

<button
  class="pl-button pl-button--primary"
        
>
      <span class="pl-button__label">
                    </span>
  </button>
</form>

      
      </div>
    </div>
      </div>
</article>
</div>

                    </li>
            
                <li class="product-grid-item " >
    
                        


<div
  is="ds-product-card"
  class="ds-product-card__twigwrap"
  :index="30"
  :product="{&quot;type&quot;:&quot;product&quot;,&quot;id&quot;:&quot;product-3245414538757&quot;,&quot;attributes&quot;:{&quot;ean&quot;:&quot;3245414538757&quot;,&quot;cdbase&quot;:&quot;3641127&quot;,&quot;title&quot;:&quot;Vin rouge Bordeaux Montagne Saint Emilion Merlot - Cabernet Sauvignon LA CAVE D&#039;AUGUSTIN FLORENT&quot;,&quot;brand&quot;:&quot;CAVE AUGUSTIN FLOREN&quot;,&quot;slug&quot;:&quot;vin-rouge-bordeaux-montagne-saint-emilion-merlot-cabernet-sauvignon-la-cave-d-augustin-florent&quot;,&quot;availability&quot;:{&quot;indispensable&quot;:false,&quot;purchasable&quot;:true,&quot;stopped&quot;:false,&quot;suspended&quot;:false,&quot;suspensionReason&quot;:null,&quot;checkable&quot;:false,&quot;currentStoreOffer&quot;:null},&quot;price&quot;:{&quot;price&quot;:6.25,&quot;unitOfMeasure&quot;:&quot;Litre&quot;,&quot;perUnitLabel&quot;:&quot;8.33 \u20ac \/ Litre&quot;,&quot;taxMessage&quot;:&quot;&quot;,&quot;perUnit&quot;:8.3300000000000001},&quot;ordering&quot;:{&quot;min&quot;:1,&quot;step&quot;:1,&quot;max&quot;:36},&quot;offerServiceId&quot;:&quot;0261-150-6&quot;,&quot;uri&quot;:&quot;boissons\/cave-a-vins\/vins-rouges\/bordeaux&quot;,&quot;categories&quot;:[{&quot;id&quot;:&quot;27070&quot;,&quot;code&quot;:&quot;R10&quot;,&quot;slug&quot;:&quot;boissons&quot;,&quot;label&quot;:&quot;Boissons&quot;,&quot;uri&quot;:&quot;boissons&quot;,&quot;type&quot;:&quot;RAYON&quot;,&quot;level&quot;:1,&quot;sellerId&quot;:null},{&quot;id&quot;:&quot;27074&quot;,&quot;code&quot;:&quot;R10F02&quot;,&quot;slug&quot;:&quot;cave-a-vins&quot;,&quot;label&quot;:&quot;Cave \u00e0 vins&quot;,&quot;uri&quot;:&quot;boissons\/cave-a-vins&quot;,&quot;type&quot;:&quot;RAYON&quot;,&quot;level&quot;:2,&quot;sellerId&quot;:null},{&quot;id&quot;:&quot;27105&quot;,&quot;code&quot;:&quot;R10F02SF01&quot;,&quot;slug&quot;:&quot;vins-rouges&quot;,&quot;label&quot;:&quot;Vins rouges&quot;,&quot;uri&quot;:&quot;boissons\/cave-a-vins\/vins-rouges&quot;,&quot;type&quot;:&quot;RAYON&quot;,&quot;level&quot;:3,&quot;sellerId&quot;:null},{&quot;id&quot;:&quot;27141&quot;,&quot;code&quot;:&quot;R10F02SF01SS01&quot;,&quot;slug&quot;:&quot;bordeaux&quot;,&quot;label&quot;:&quot;Bordeaux&quot;,&quot;uri&quot;:&quot;boissons\/cave-a-vins\/vins-rouges\/bordeaux&quot;,&quot;type&quot;:&quot;RAYON&quot;,&quot;level&quot;:4,&quot;sellerId&quot;:null}],&quot;topCategoryName&quot;:&quot;Boissons&quot;,&quot;images&quot;:[{&quot;largest&quot;:&quot;\/media\/1500x1500\/Photosite\/PGC\/BOISSONS\/3245414538757_PHOTOSITE_20190730_071725_0.jpg?placeholder=1&quot;,&quot;1500x1500&quot;:&quot;\/media\/1500x1500\/Photosite\/PGC\/BOISSONS\/3245414538757_PHOTOSITE_20190730_071725_0.jpg?placeholder=1&quot;,&quot;540x540&quot;:&quot;\/media\/540x540\/Photosite\/PGC\/BOISSONS\/3245414538757_PHOTOSITE_20190730_071725_0.jpg?placeholder=1&quot;,&quot;380x380&quot;:&quot;\/media\/380x380\/Photosite\/PGC\/BOISSONS\/3245414538757_PHOTOSITE_20190730_071725_0.jpg?placeholder=1&quot;,&quot;340x340&quot;:&quot;\/media\/340x340\/Photosite\/PGC\/BOISSONS\/3245414538757_PHOTOSITE_20190730_071725_0.jpg?placeholder=1&quot;,&quot;340x240&quot;:&quot;\/media\/340x240\/Photosite\/PGC\/BOISSONS\/3245414538757_PHOTOSITE_20190730_071725_0.jpg?placeholder=1&quot;,&quot;280x280&quot;:&quot;\/media\/280x280\/Photosite\/PGC\/BOISSONS\/3245414538757_PHOTOSITE_20190730_071725_0.jpg?placeholder=1&quot;,&quot;195x195&quot;:&quot;\/media\/195x195\/Photosite\/PGC\/BOISSONS\/3245414538757_PHOTOSITE_20190730_071725_0.jpg?placeholder=1&quot;,&quot;150x150&quot;:&quot;\/media\/150x150\/Photosite\/PGC\/BOISSONS\/3245414538757_PHOTOSITE_20190730_071725_0.jpg?placeholder=1&quot;,&quot;43x43&quot;:&quot;\/media\/43x43\/Photosite\/PGC\/BOISSONS\/3245414538757_PHOTOSITE_20190730_071725_0.jpg?placeholder=1&quot;}],&quot;promotion&quot;:null,&quot;isDonation&quot;:false,&quot;highlightLabel&quot;:null,&quot;seller&quot;:null,&quot;sellerId&quot;:null,&quot;marketplace&quot;:null,&quot;freshness&quot;:null,&quot;traceability&quot;:null,&quot;flags&quot;:[],&quot;clubs&quot;:[],&quot;packaging&quot;:&quot;la bouteille de 75cL&quot;,&quot;origin&quot;:&quot;&quot;,&quot;format&quot;:&quot;75cL&quot;},&quot;relationships&quot;:{&quot;substitution&quot;:null},&quot;meta&quot;:{&quot;recommendation&quot;:null,&quot;cta&quot;:&quot;buy&quot;,&quot;features&quot;:{&quot;shoppingList&quot;:true,&quot;deletable&quot;:false,&quot;swap&quot;:false,&quot;feedback&quot;:false,&quot;freshness&quot;:true}},&quot;links&quot;:{&quot;self&quot;:&quot;\/p\/vin-rouge-bordeaux-montagne-saint-emilion-merlot-cabernet-sauvignon-la-cave-d-augustin-florent-3245414538757?t=27074&quot;}}"
  layout="vertical"
  :render-context="{&quot;zone&quot;:&quot;product-list&quot;,&quot;clickAndCollectEnable&quot;:true}"
  >
  <article class="ds-product-card ds-product-card--vertical">
  <div>
              <div class="ds-product-card--vertical-icons">
                <div
  class="add-to-shoppinglist"
  ean="3245414538757"
  is="add-to-shoppinglist"
></div>
      
        
      </div>
        <div class="ds-product-card--vertical-highlightlabel">
      
    </div>
    <div class="ds-product-card--vertical-infos">
      <div class="ds-product-card--vertical-text">
                
<a
  href="/p/vin-rouge-bordeaux-montagne-saint-emilion-merlot-cabernet-sauvignon-la-cave-d-augustin-florent-3245414538757?t=27074"
  title="Vin rouge Bordeaux Montagne Saint Emilion Merlot - Cabernet Sauvignon LA CAVE D&#039;AUGUSTIN FLORENT"
  rel=""
  target=""
  class="product-card-title product-card-title__reduced-line-clamp"
>
  

      

<h2 class="ds-title ds-title--s ds-title--medium">
  Vin rouge Bordeaux Montagne Saint Emilion Merlot - Cabernet Sauvignon LA CAVE D&#039;AUGUSTIN FLORENT
</h2>
</a>
      
                

    

<div class="ds-body-text ds-body-text--size-s ds-body-text--color-standard-3 product-card-packaging">
      la bouteille de 75cL
  </div>
      
                

    

<div class="ds-body-text ds-body-text--size-s ds-body-text--color-standard-3 product-card-per-unit-label">
      8.33 € / Litre
  </div>
      
      </div>
      <div class="ds-product-card--vertical-image">
                
<a
  href="/p/vin-rouge-bordeaux-montagne-saint-emilion-merlot-cabernet-sauvignon-la-cave-d-augustin-florent-3245414538757?t=27074"
  title="Vin rouge Bordeaux Montagne Saint Emilion Merlot - Cabernet Sauvignon LA CAVE D&#039;AUGUSTIN FLORENT"
  rel=""
  target=""
  class="product-card-image"
>
  <img
      src="/images/loader-dots.svg"        data-src="/media/280x280/Photosite/PGC/BOISSONS/3245414538757_PHOTOSITE_20190730_071725_0.jpg?placeholder=1"        alt="Vin rouge Bordeaux Montagne Saint Emilion Merlot - Cabernet Sauvignon LA CAVE D&#039;AUGUSTIN FLORENT"
  class="image image--hidden image--lazy product-card-image__image"
/>
</a>
      
      </div>
    </div>
        
    
  </div>
  <div>
    <div class="ds-product-card--vertical-promotion">
      
    </div>
    <div class="ds-product-card--vertical-flex">
              
    

    


<div class="product-card-price">
  <div class="product-card-price__price">
    

    

<span class="ds-title ds-title--m product-card-price__price--final">
  6,25€
</span>

      </div>
</div>
      
      <div class="ds-product-card--vertical-cta">
                  
<form
  is="add-to-cart"
  id="data-produit-acheter"
  class="add-to-cart"
  :product="{&quot;type&quot;:&quot;product&quot;,&quot;id&quot;:&quot;product-3245414538757&quot;,&quot;attributes&quot;:{&quot;ean&quot;:&quot;3245414538757&quot;,&quot;cdbase&quot;:&quot;3641127&quot;,&quot;title&quot;:&quot;Vin rouge Bordeaux Montagne Saint Emilion Merlot - Cabernet Sauvignon LA CAVE D&#039;AUGUSTIN FLORENT&quot;,&quot;brand&quot;:&quot;CAVE AUGUSTIN FLOREN&quot;,&quot;slug&quot;:&quot;vin-rouge-bordeaux-montagne-saint-emilion-merlot-cabernet-sauvignon-la-cave-d-augustin-florent&quot;,&quot;availability&quot;:{&quot;indispensable&quot;:false,&quot;purchasable&quot;:true,&quot;stopped&quot;:false,&quot;suspended&quot;:false,&quot;suspensionReason&quot;:null,&quot;checkable&quot;:false,&quot;currentStoreOffer&quot;:null},&quot;price&quot;:{&quot;price&quot;:6.25,&quot;unitOfMeasure&quot;:&quot;Litre&quot;,&quot;perUnitLabel&quot;:&quot;8.33 \u20ac \/ Litre&quot;,&quot;taxMessage&quot;:&quot;&quot;,&quot;perUnit&quot;:8.3300000000000001},&quot;ordering&quot;:{&quot;min&quot;:1,&quot;step&quot;:1,&quot;max&quot;:36},&quot;offerServiceId&quot;:&quot;0261-150-6&quot;,&quot;uri&quot;:&quot;boissons\/cave-a-vins\/vins-rouges\/bordeaux&quot;,&quot;categories&quot;:[{&quot;id&quot;:&quot;27070&quot;,&quot;code&quot;:&quot;R10&quot;,&quot;slug&quot;:&quot;boissons&quot;,&quot;label&quot;:&quot;Boissons&quot;,&quot;uri&quot;:&quot;boissons&quot;,&quot;type&quot;:&quot;RAYON&quot;,&quot;level&quot;:1,&quot;sellerId&quot;:null},{&quot;id&quot;:&quot;27074&quot;,&quot;code&quot;:&quot;R10F02&quot;,&quot;slug&quot;:&quot;cave-a-vins&quot;,&quot;label&quot;:&quot;Cave \u00e0 vins&quot;,&quot;uri&quot;:&quot;boissons\/cave-a-vins&quot;,&quot;type&quot;:&quot;RAYON&quot;,&quot;level&quot;:2,&quot;sellerId&quot;:null},{&quot;id&quot;:&quot;27105&quot;,&quot;code&quot;:&quot;R10F02SF01&quot;,&quot;slug&quot;:&quot;vins-rouges&quot;,&quot;label&quot;:&quot;Vins rouges&quot;,&quot;uri&quot;:&quot;boissons\/cave-a-vins\/vins-rouges&quot;,&quot;type&quot;:&quot;RAYON&quot;,&quot;level&quot;:3,&quot;sellerId&quot;:null},{&quot;id&quot;:&quot;27141&quot;,&quot;code&quot;:&quot;R10F02SF01SS01&quot;,&quot;slug&quot;:&quot;bordeaux&quot;,&quot;label&quot;:&quot;Bordeaux&quot;,&quot;uri&quot;:&quot;boissons\/cave-a-vins\/vins-rouges\/bordeaux&quot;,&quot;type&quot;:&quot;RAYON&quot;,&quot;level&quot;:4,&quot;sellerId&quot;:null}],&quot;topCategoryName&quot;:&quot;Boissons&quot;,&quot;images&quot;:[{&quot;largest&quot;:&quot;\/media\/1500x1500\/Photosite\/PGC\/BOISSONS\/3245414538757_PHOTOSITE_20190730_071725_0.jpg?placeholder=1&quot;,&quot;1500x1500&quot;:&quot;\/media\/1500x1500\/Photosite\/PGC\/BOISSONS\/3245414538757_PHOTOSITE_20190730_071725_0.jpg?placeholder=1&quot;,&quot;540x540&quot;:&quot;\/media\/540x540\/Photosite\/PGC\/BOISSONS\/3245414538757_PHOTOSITE_20190730_071725_0.jpg?placeholder=1&quot;,&quot;380x380&quot;:&quot;\/media\/380x380\/Photosite\/PGC\/BOISSONS\/3245414538757_PHOTOSITE_20190730_071725_0.jpg?placeholder=1&quot;,&quot;340x340&quot;:&quot;\/media\/340x340\/Photosite\/PGC\/BOISSONS\/3245414538757_PHOTOSITE_20190730_071725_0.jpg?placeholder=1&quot;,&quot;340x240&quot;:&quot;\/media\/340x240\/Photosite\/PGC\/BOISSONS\/3245414538757_PHOTOSITE_20190730_071725_0.jpg?placeholder=1&quot;,&quot;280x280&quot;:&quot;\/media\/280x280\/Photosite\/PGC\/BOISSONS\/3245414538757_PHOTOSITE_20190730_071725_0.jpg?placeholder=1&quot;,&quot;195x195&quot;:&quot;\/media\/195x195\/Photosite\/PGC\/BOISSONS\/3245414538757_PHOTOSITE_20190730_071725_0.jpg?placeholder=1&quot;,&quot;150x150&quot;:&quot;\/media\/150x150\/Photosite\/PGC\/BOISSONS\/3245414538757_PHOTOSITE_20190730_071725_0.jpg?placeholder=1&quot;,&quot;43x43&quot;:&quot;\/media\/43x43\/Photosite\/PGC\/BOISSONS\/3245414538757_PHOTOSITE_20190730_071725_0.jpg?placeholder=1&quot;}],&quot;promotion&quot;:null,&quot;isDonation&quot;:false,&quot;highlightLabel&quot;:null,&quot;seller&quot;:null,&quot;sellerId&quot;:null,&quot;marketplace&quot;:null,&quot;freshness&quot;:null,&quot;traceability&quot;:null,&quot;flags&quot;:[],&quot;clubs&quot;:[],&quot;packaging&quot;:&quot;la bouteille de 75cL&quot;,&quot;origin&quot;:&quot;&quot;,&quot;format&quot;:&quot;75cL&quot;},&quot;relationships&quot;:{&quot;substitution&quot;:null},&quot;meta&quot;:{&quot;recommendation&quot;:null,&quot;cta&quot;:&quot;buy&quot;,&quot;features&quot;:{&quot;shoppingList&quot;:true,&quot;deletable&quot;:false,&quot;swap&quot;:false,&quot;feedback&quot;:false,&quot;freshness&quot;:true}},&quot;links&quot;:{&quot;self&quot;:&quot;\/p\/vin-rouge-bordeaux-montagne-saint-emilion-merlot-cabernet-sauvignon-la-cave-d-augustin-florent-3245414538757?t=27074&quot;}}"
  is-click-and-collect=""
  offer-service-id="0261-150-6"
  basket-service-id=""
  :render-context="{&quot;zone&quot;:&quot;product-list&quot;,&quot;clickAndCollectEnable&quot;:true}" >
  

<button
  class="pl-button pl-button--primary"
        
>
      <span class="pl-button__label">
                    </span>
  </button>
</form>

      
      </div>
    </div>
      </div>
</article>
</div>

                    </li>
            
                <li class="product-grid-item " >
    
                        


<div
  is="ds-product-card"
  class="ds-product-card__twigwrap"
  :index="31"
  :product="{&quot;type&quot;:&quot;product&quot;,&quot;id&quot;:&quot;product-3245414712102&quot;,&quot;attributes&quot;:{&quot;ean&quot;:&quot;3245414712102&quot;,&quot;cdbase&quot;:&quot;3735808&quot;,&quot;title&quot;:&quot;Vin rouge Bourgueil  CAVE AUGUSTIN FLORENT &quot;,&quot;brand&quot;:&quot;CAVE AUGUSTIN FLOREN&quot;,&quot;slug&quot;:&quot;vin-rouge-bourgueil-cave-augustin-florent&quot;,&quot;availability&quot;:{&quot;indispensable&quot;:false,&quot;purchasable&quot;:true,&quot;stopped&quot;:false,&quot;suspended&quot;:false,&quot;suspensionReason&quot;:null,&quot;checkable&quot;:false,&quot;currentStoreOffer&quot;:null},&quot;price&quot;:{&quot;price&quot;:4.7999999999999998,&quot;unitOfMeasure&quot;:&quot;Litre&quot;,&quot;perUnitLabel&quot;:&quot;6.40 \u20ac \/ Litre&quot;,&quot;taxMessage&quot;:&quot;&quot;,&quot;perUnit&quot;:6.4000000000000004},&quot;ordering&quot;:{&quot;min&quot;:1,&quot;step&quot;:1,&quot;max&quot;:36},&quot;offerServiceId&quot;:&quot;0261-150-6&quot;,&quot;uri&quot;:&quot;boissons\/cave-a-vins\/vins-rouges\/val-de-loire&quot;,&quot;categories&quot;:[{&quot;id&quot;:&quot;27070&quot;,&quot;code&quot;:&quot;R10&quot;,&quot;slug&quot;:&quot;boissons&quot;,&quot;label&quot;:&quot;Boissons&quot;,&quot;uri&quot;:&quot;boissons&quot;,&quot;type&quot;:&quot;RAYON&quot;,&quot;level&quot;:1,&quot;sellerId&quot;:null},{&quot;id&quot;:&quot;27074&quot;,&quot;code&quot;:&quot;R10F02&quot;,&quot;slug&quot;:&quot;cave-a-vins&quot;,&quot;label&quot;:&quot;Cave \u00e0 vins&quot;,&quot;uri&quot;:&quot;boissons\/cave-a-vins&quot;,&quot;type&quot;:&quot;RAYON&quot;,&quot;level&quot;:2,&quot;sellerId&quot;:null},{&quot;id&quot;:&quot;27105&quot;,&quot;code&quot;:&quot;R10F02SF01&quot;,&quot;slug&quot;:&quot;vins-rouges&quot;,&quot;label&quot;:&quot;Vins rouges&quot;,&quot;uri&quot;:&quot;boissons\/cave-a-vins\/vins-rouges&quot;,&quot;type&quot;:&quot;RAYON&quot;,&quot;level&quot;:3,&quot;sellerId&quot;:null},{&quot;id&quot;:&quot;27147&quot;,&quot;code&quot;:&quot;R10F02SF01SS06&quot;,&quot;slug&quot;:&quot;val-de-loire&quot;,&quot;label&quot;:&quot;Val de Loire&quot;,&quot;uri&quot;:&quot;boissons\/cave-a-vins\/vins-rouges\/val-de-loire&quot;,&quot;type&quot;:&quot;RAYON&quot;,&quot;level&quot;:4,&quot;sellerId&quot;:null}],&quot;topCategoryName&quot;:&quot;Boissons&quot;,&quot;images&quot;:[{&quot;largest&quot;:&quot;\/media\/1500x1500\/Photosite\/PGC\/BOISSONS\/3245414712102_PHOTOSITE_20170818_112702_0.jpg?placeholder=1&quot;,&quot;1500x1500&quot;:&quot;\/media\/1500x1500\/Photosite\/PGC\/BOISSONS\/3245414712102_PHOTOSITE_20170818_112702_0.jpg?placeholder=1&quot;,&quot;540x540&quot;:&quot;\/media\/540x540\/Photosite\/PGC\/BOISSONS\/3245414712102_PHOTOSITE_20170818_112702_0.jpg?placeholder=1&quot;,&quot;380x380&quot;:&quot;\/media\/380x380\/Photosite\/PGC\/BOISSONS\/3245414712102_PHOTOSITE_20170818_112702_0.jpg?placeholder=1&quot;,&quot;340x340&quot;:&quot;\/media\/340x340\/Photosite\/PGC\/BOISSONS\/3245414712102_PHOTOSITE_20170818_112702_0.jpg?placeholder=1&quot;,&quot;340x240&quot;:&quot;\/media\/340x240\/Photosite\/PGC\/BOISSONS\/3245414712102_PHOTOSITE_20170818_112702_0.jpg?placeholder=1&quot;,&quot;280x280&quot;:&quot;\/media\/280x280\/Photosite\/PGC\/BOISSONS\/3245414712102_PHOTOSITE_20170818_112702_0.jpg?placeholder=1&quot;,&quot;195x195&quot;:&quot;\/media\/195x195\/Photosite\/PGC\/BOISSONS\/3245414712102_PHOTOSITE_20170818_112702_0.jpg?placeholder=1&quot;,&quot;150x150&quot;:&quot;\/media\/150x150\/Photosite\/PGC\/BOISSONS\/3245414712102_PHOTOSITE_20170818_112702_0.jpg?placeholder=1&quot;,&quot;43x43&quot;:&quot;\/media\/43x43\/Photosite\/PGC\/BOISSONS\/3245414712102_PHOTOSITE_20170818_112702_0.jpg?placeholder=1&quot;},{&quot;largest&quot;:&quot;\/media\/1500x1500\/Photosite\/PGC\/BOISSONS\/3245414712102_PHOTOSITE_20140327_171919_7.jpg?placeholder=1&quot;,&quot;1500x1500&quot;:&quot;\/media\/1500x1500\/Photosite\/PGC\/BOISSONS\/3245414712102_PHOTOSITE_20140327_171919_7.jpg?placeholder=1&quot;,&quot;540x540&quot;:&quot;\/media\/540x540\/Photosite\/PGC\/BOISSONS\/3245414712102_PHOTOSITE_20140327_171919_7.jpg?placeholder=1&quot;,&quot;380x380&quot;:&quot;\/media\/380x380\/Photosite\/PGC\/BOISSONS\/3245414712102_PHOTOSITE_20140327_171919_7.jpg?placeholder=1&quot;,&quot;340x340&quot;:&quot;\/media\/340x340\/Photosite\/PGC\/BOISSONS\/3245414712102_PHOTOSITE_20140327_171919_7.jpg?placeholder=1&quot;,&quot;340x240&quot;:&quot;\/media\/340x240\/Photosite\/PGC\/BOISSONS\/3245414712102_PHOTOSITE_20140327_171919_7.jpg?placeholder=1&quot;,&quot;280x280&quot;:&quot;\/media\/280x280\/Photosite\/PGC\/BOISSONS\/3245414712102_PHOTOSITE_20140327_171919_7.jpg?placeholder=1&quot;,&quot;195x195&quot;:&quot;\/media\/195x195\/Photosite\/PGC\/BOISSONS\/3245414712102_PHOTOSITE_20140327_171919_7.jpg?placeholder=1&quot;,&quot;150x150&quot;:&quot;\/media\/150x150\/Photosite\/PGC\/BOISSONS\/3245414712102_PHOTOSITE_20140327_171919_7.jpg?placeholder=1&quot;,&quot;43x43&quot;:&quot;\/media\/43x43\/Photosite\/PGC\/BOISSONS\/3245414712102_PHOTOSITE_20140327_171919_7.jpg?placeholder=1&quot;}],&quot;promotion&quot;:null,&quot;isDonation&quot;:false,&quot;highlightLabel&quot;:null,&quot;seller&quot;:null,&quot;sellerId&quot;:null,&quot;marketplace&quot;:null,&quot;freshness&quot;:null,&quot;traceability&quot;:null,&quot;flags&quot;:[],&quot;clubs&quot;:[],&quot;packaging&quot;:&quot;la bouteille de 75cL&quot;,&quot;origin&quot;:&quot;&quot;,&quot;format&quot;:&quot;75cL&quot;},&quot;relationships&quot;:{&quot;substitution&quot;:null},&quot;meta&quot;:{&quot;recommendation&quot;:null,&quot;cta&quot;:&quot;buy&quot;,&quot;features&quot;:{&quot;shoppingList&quot;:true,&quot;deletable&quot;:false,&quot;swap&quot;:false,&quot;feedback&quot;:false,&quot;freshness&quot;:true}},&quot;links&quot;:{&quot;self&quot;:&quot;\/p\/vin-rouge-bourgueil-cave-augustin-florent-3245414712102?t=27074&quot;}}"
  layout="vertical"
  :render-context="{&quot;zone&quot;:&quot;product-list&quot;,&quot;clickAndCollectEnable&quot;:true}"
  >
  <article class="ds-product-card ds-product-card--vertical">
  <div>
              <div class="ds-product-card--vertical-icons">
                <div
  class="add-to-shoppinglist"
  ean="3245414712102"
  is="add-to-shoppinglist"
></div>
      
        
      </div>
        <div class="ds-product-card--vertical-highlightlabel">
      
    </div>
    <div class="ds-product-card--vertical-infos">
      <div class="ds-product-card--vertical-text">
                
<a
  href="/p/vin-rouge-bourgueil-cave-augustin-florent-3245414712102?t=27074"
  title="Vin rouge Bourgueil  CAVE AUGUSTIN FLORENT "
  rel=""
  target=""
  class="product-card-title product-card-title__reduced-line-clamp"
>
  

      

<h2 class="ds-title ds-title--s ds-title--medium">
  Vin rouge Bourgueil  CAVE AUGUSTIN FLORENT 
</h2>
</a>
      
                

    

<div class="ds-body-text ds-body-text--size-s ds-body-text--color-standard-3 product-card-packaging">
      la bouteille de 75cL
  </div>
      
                

    

<div class="ds-body-text ds-body-text--size-s ds-body-text--color-standard-3 product-card-per-unit-label">
      6.40 € / Litre
  </div>
      
      </div>
      <div class="ds-product-card--vertical-image">
                
<a
  href="/p/vin-rouge-bourgueil-cave-augustin-florent-3245414712102?t=27074"
  title="Vin rouge Bourgueil  CAVE AUGUSTIN FLORENT "
  rel=""
  target=""
  class="product-card-image"
>
  <img
      src="/images/loader-dots.svg"        data-src="/media/280x280/Photosite/PGC/BOISSONS/3245414712102_PHOTOSITE_20170818_112702_0.jpg?placeholder=1"        alt="Vin rouge Bourgueil  CAVE AUGUSTIN FLORENT "
  class="image image--hidden image--lazy product-card-image__image"
/>
</a>
      
      </div>
    </div>
        
    
  </div>
  <div>
    <div class="ds-product-card--vertical-promotion">
      
    </div>
    <div class="ds-product-card--vertical-flex">
              
    

    


<div class="product-card-price">
  <div class="product-card-price__price">
    

    

<span class="ds-title ds-title--m product-card-price__price--final">
  4,80€
</span>

      </div>
</div>
      
      <div class="ds-product-card--vertical-cta">
                  
<form
  is="add-to-cart"
  id="data-produit-acheter"
  class="add-to-cart"
  :product="{&quot;type&quot;:&quot;product&quot;,&quot;id&quot;:&quot;product-3245414712102&quot;,&quot;attributes&quot;:{&quot;ean&quot;:&quot;3245414712102&quot;,&quot;cdbase&quot;:&quot;3735808&quot;,&quot;title&quot;:&quot;Vin rouge Bourgueil  CAVE AUGUSTIN FLORENT &quot;,&quot;brand&quot;:&quot;CAVE AUGUSTIN FLOREN&quot;,&quot;slug&quot;:&quot;vin-rouge-bourgueil-cave-augustin-florent&quot;,&quot;availability&quot;:{&quot;indispensable&quot;:false,&quot;purchasable&quot;:true,&quot;stopped&quot;:false,&quot;suspended&quot;:false,&quot;suspensionReason&quot;:null,&quot;checkable&quot;:false,&quot;currentStoreOffer&quot;:null},&quot;price&quot;:{&quot;price&quot;:4.7999999999999998,&quot;unitOfMeasure&quot;:&quot;Litre&quot;,&quot;perUnitLabel&quot;:&quot;6.40 \u20ac \/ Litre&quot;,&quot;taxMessage&quot;:&quot;&quot;,&quot;perUnit&quot;:6.4000000000000004},&quot;ordering&quot;:{&quot;min&quot;:1,&quot;step&quot;:1,&quot;max&quot;:36},&quot;offerServiceId&quot;:&quot;0261-150-6&quot;,&quot;uri&quot;:&quot;boissons\/cave-a-vins\/vins-rouges\/val-de-loire&quot;,&quot;categories&quot;:[{&quot;id&quot;:&quot;27070&quot;,&quot;code&quot;:&quot;R10&quot;,&quot;slug&quot;:&quot;boissons&quot;,&quot;label&quot;:&quot;Boissons&quot;,&quot;uri&quot;:&quot;boissons&quot;,&quot;type&quot;:&quot;RAYON&quot;,&quot;level&quot;:1,&quot;sellerId&quot;:null},{&quot;id&quot;:&quot;27074&quot;,&quot;code&quot;:&quot;R10F02&quot;,&quot;slug&quot;:&quot;cave-a-vins&quot;,&quot;label&quot;:&quot;Cave \u00e0 vins&quot;,&quot;uri&quot;:&quot;boissons\/cave-a-vins&quot;,&quot;type&quot;:&quot;RAYON&quot;,&quot;level&quot;:2,&quot;sellerId&quot;:null},{&quot;id&quot;:&quot;27105&quot;,&quot;code&quot;:&quot;R10F02SF01&quot;,&quot;slug&quot;:&quot;vins-rouges&quot;,&quot;label&quot;:&quot;Vins rouges&quot;,&quot;uri&quot;:&quot;boissons\/cave-a-vins\/vins-rouges&quot;,&quot;type&quot;:&quot;RAYON&quot;,&quot;level&quot;:3,&quot;sellerId&quot;:null},{&quot;id&quot;:&quot;27147&quot;,&quot;code&quot;:&quot;R10F02SF01SS06&quot;,&quot;slug&quot;:&quot;val-de-loire&quot;,&quot;label&quot;:&quot;Val de Loire&quot;,&quot;uri&quot;:&quot;boissons\/cave-a-vins\/vins-rouges\/val-de-loire&quot;,&quot;type&quot;:&quot;RAYON&quot;,&quot;level&quot;:4,&quot;sellerId&quot;:null}],&quot;topCategoryName&quot;:&quot;Boissons&quot;,&quot;images&quot;:[{&quot;largest&quot;:&quot;\/media\/1500x1500\/Photosite\/PGC\/BOISSONS\/3245414712102_PHOTOSITE_20170818_112702_0.jpg?placeholder=1&quot;,&quot;1500x1500&quot;:&quot;\/media\/1500x1500\/Photosite\/PGC\/BOISSONS\/3245414712102_PHOTOSITE_20170818_112702_0.jpg?placeholder=1&quot;,&quot;540x540&quot;:&quot;\/media\/540x540\/Photosite\/PGC\/BOISSONS\/3245414712102_PHOTOSITE_20170818_112702_0.jpg?placeholder=1&quot;,&quot;380x380&quot;:&quot;\/media\/380x380\/Photosite\/PGC\/BOISSONS\/3245414712102_PHOTOSITE_20170818_112702_0.jpg?placeholder=1&quot;,&quot;340x340&quot;:&quot;\/media\/340x340\/Photosite\/PGC\/BOISSONS\/3245414712102_PHOTOSITE_20170818_112702_0.jpg?placeholder=1&quot;,&quot;340x240&quot;:&quot;\/media\/340x240\/Photosite\/PGC\/BOISSONS\/3245414712102_PHOTOSITE_20170818_112702_0.jpg?placeholder=1&quot;,&quot;280x280&quot;:&quot;\/media\/280x280\/Photosite\/PGC\/BOISSONS\/3245414712102_PHOTOSITE_20170818_112702_0.jpg?placeholder=1&quot;,&quot;195x195&quot;:&quot;\/media\/195x195\/Photosite\/PGC\/BOISSONS\/3245414712102_PHOTOSITE_20170818_112702_0.jpg?placeholder=1&quot;,&quot;150x150&quot;:&quot;\/media\/150x150\/Photosite\/PGC\/BOISSONS\/3245414712102_PHOTOSITE_20170818_112702_0.jpg?placeholder=1&quot;,&quot;43x43&quot;:&quot;\/media\/43x43\/Photosite\/PGC\/BOISSONS\/3245414712102_PHOTOSITE_20170818_112702_0.jpg?placeholder=1&quot;},{&quot;largest&quot;:&quot;\/media\/1500x1500\/Photosite\/PGC\/BOISSONS\/3245414712102_PHOTOSITE_20140327_171919_7.jpg?placeholder=1&quot;,&quot;1500x1500&quot;:&quot;\/media\/1500x1500\/Photosite\/PGC\/BOISSONS\/3245414712102_PHOTOSITE_20140327_171919_7.jpg?placeholder=1&quot;,&quot;540x540&quot;:&quot;\/media\/540x540\/Photosite\/PGC\/BOISSONS\/3245414712102_PHOTOSITE_20140327_171919_7.jpg?placeholder=1&quot;,&quot;380x380&quot;:&quot;\/media\/380x380\/Photosite\/PGC\/BOISSONS\/3245414712102_PHOTOSITE_20140327_171919_7.jpg?placeholder=1&quot;,&quot;340x340&quot;:&quot;\/media\/340x340\/Photosite\/PGC\/BOISSONS\/3245414712102_PHOTOSITE_20140327_171919_7.jpg?placeholder=1&quot;,&quot;340x240&quot;:&quot;\/media\/340x240\/Photosite\/PGC\/BOISSONS\/3245414712102_PHOTOSITE_20140327_171919_7.jpg?placeholder=1&quot;,&quot;280x280&quot;:&quot;\/media\/280x280\/Photosite\/PGC\/BOISSONS\/3245414712102_PHOTOSITE_20140327_171919_7.jpg?placeholder=1&quot;,&quot;195x195&quot;:&quot;\/media\/195x195\/Photosite\/PGC\/BOISSONS\/3245414712102_PHOTOSITE_20140327_171919_7.jpg?placeholder=1&quot;,&quot;150x150&quot;:&quot;\/media\/150x150\/Photosite\/PGC\/BOISSONS\/3245414712102_PHOTOSITE_20140327_171919_7.jpg?placeholder=1&quot;,&quot;43x43&quot;:&quot;\/media\/43x43\/Photosite\/PGC\/BOISSONS\/3245414712102_PHOTOSITE_20140327_171919_7.jpg?placeholder=1&quot;}],&quot;promotion&quot;:null,&quot;isDonation&quot;:false,&quot;highlightLabel&quot;:null,&quot;seller&quot;:null,&quot;sellerId&quot;:null,&quot;marketplace&quot;:null,&quot;freshness&quot;:null,&quot;traceability&quot;:null,&quot;flags&quot;:[],&quot;clubs&quot;:[],&quot;packaging&quot;:&quot;la bouteille de 75cL&quot;,&quot;origin&quot;:&quot;&quot;,&quot;format&quot;:&quot;75cL&quot;},&quot;relationships&quot;:{&quot;substitution&quot;:null},&quot;meta&quot;:{&quot;recommendation&quot;:null,&quot;cta&quot;:&quot;buy&quot;,&quot;features&quot;:{&quot;shoppingList&quot;:true,&quot;deletable&quot;:false,&quot;swap&quot;:false,&quot;feedback&quot;:false,&quot;freshness&quot;:true}},&quot;links&quot;:{&quot;self&quot;:&quot;\/p\/vin-rouge-bourgueil-cave-augustin-florent-3245414712102?t=27074&quot;}}"
  is-click-and-collect=""
  offer-service-id="0261-150-6"
  basket-service-id=""
  :render-context="{&quot;zone&quot;:&quot;product-list&quot;,&quot;clickAndCollectEnable&quot;:true}" >
  

<button
  class="pl-button pl-button--primary"
        
>
      <span class="pl-button__label">
                    </span>
  </button>
</form>

      
      </div>
    </div>
      </div>
</article>
</div>

                    </li>
            
                <li class="product-grid-item " >
    
                        


<div
  is="ds-product-card"
  class="ds-product-card__twigwrap"
  :index="32"
  :product="{&quot;type&quot;:&quot;product&quot;,&quot;id&quot;:&quot;product-3245414819849&quot;,&quot;attributes&quot;:{&quot;ean&quot;:&quot;3245414819849&quot;,&quot;cdbase&quot;:&quot;3781427&quot;,&quot;title&quot;:&quot;Vin rouge Bourgogne pinot noir CAVE AUGUSTIN FLORENT&quot;,&quot;brand&quot;:&quot;CAVE AUGUSTIN FLOREN&quot;,&quot;slug&quot;:&quot;vin-rouge-bourgogne-pinot-noir-cave-augustin-florent&quot;,&quot;availability&quot;:{&quot;indispensable&quot;:false,&quot;purchasable&quot;:true,&quot;stopped&quot;:false,&quot;suspended&quot;:false,&quot;suspensionReason&quot;:null,&quot;checkable&quot;:false,&quot;currentStoreOffer&quot;:null},&quot;price&quot;:{&quot;price&quot;:6.5999999999999996,&quot;unitOfMeasure&quot;:&quot;Litre&quot;,&quot;perUnitLabel&quot;:&quot;8.80 \u20ac \/ Litre&quot;,&quot;taxMessage&quot;:&quot;&quot;,&quot;perUnit&quot;:8.8000000000000007},&quot;ordering&quot;:{&quot;min&quot;:1,&quot;step&quot;:1,&quot;max&quot;:36},&quot;offerServiceId&quot;:&quot;0261-150-6&quot;,&quot;uri&quot;:&quot;boissons\/cave-a-vins\/vins-rouges\/bourgogne&quot;,&quot;categories&quot;:[{&quot;id&quot;:&quot;27070&quot;,&quot;code&quot;:&quot;R10&quot;,&quot;slug&quot;:&quot;boissons&quot;,&quot;label&quot;:&quot;Boissons&quot;,&quot;uri&quot;:&quot;boissons&quot;,&quot;type&quot;:&quot;RAYON&quot;,&quot;level&quot;:1,&quot;sellerId&quot;:null},{&quot;id&quot;:&quot;27074&quot;,&quot;code&quot;:&quot;R10F02&quot;,&quot;slug&quot;:&quot;cave-a-vins&quot;,&quot;label&quot;:&quot;Cave \u00e0 vins&quot;,&quot;uri&quot;:&quot;boissons\/cave-a-vins&quot;,&quot;type&quot;:&quot;RAYON&quot;,&quot;level&quot;:2,&quot;sellerId&quot;:null},{&quot;id&quot;:&quot;27105&quot;,&quot;code&quot;:&quot;R10F02SF01&quot;,&quot;slug&quot;:&quot;vins-rouges&quot;,&quot;label&quot;:&quot;Vins rouges&quot;,&quot;uri&quot;:&quot;boissons\/cave-a-vins\/vins-rouges&quot;,&quot;type&quot;:&quot;RAYON&quot;,&quot;level&quot;:3,&quot;sellerId&quot;:null},{&quot;id&quot;:&quot;27144&quot;,&quot;code&quot;:&quot;R10F02SF01SS04&quot;,&quot;slug&quot;:&quot;bourgogne&quot;,&quot;label&quot;:&quot;Bourgogne&quot;,&quot;uri&quot;:&quot;boissons\/cave-a-vins\/vins-rouges\/bourgogne&quot;,&quot;type&quot;:&quot;RAYON&quot;,&quot;level&quot;:4,&quot;sellerId&quot;:null}],&quot;topCategoryName&quot;:&quot;Boissons&quot;,&quot;images&quot;:[{&quot;largest&quot;:&quot;\/media\/1500x1500\/Photosite\/PGC\/BOISSONS\/3245414819849_PHOTOSITE_20161123_081745_0.jpg?placeholder=1&quot;,&quot;1500x1500&quot;:&quot;\/media\/1500x1500\/Photosite\/PGC\/BOISSONS\/3245414819849_PHOTOSITE_20161123_081745_0.jpg?placeholder=1&quot;,&quot;540x540&quot;:&quot;\/media\/540x540\/Photosite\/PGC\/BOISSONS\/3245414819849_PHOTOSITE_20161123_081745_0.jpg?placeholder=1&quot;,&quot;380x380&quot;:&quot;\/media\/380x380\/Photosite\/PGC\/BOISSONS\/3245414819849_PHOTOSITE_20161123_081745_0.jpg?placeholder=1&quot;,&quot;340x340&quot;:&quot;\/media\/340x340\/Photosite\/PGC\/BOISSONS\/3245414819849_PHOTOSITE_20161123_081745_0.jpg?placeholder=1&quot;,&quot;340x240&quot;:&quot;\/media\/340x240\/Photosite\/PGC\/BOISSONS\/3245414819849_PHOTOSITE_20161123_081745_0.jpg?placeholder=1&quot;,&quot;280x280&quot;:&quot;\/media\/280x280\/Photosite\/PGC\/BOISSONS\/3245414819849_PHOTOSITE_20161123_081745_0.jpg?placeholder=1&quot;,&quot;195x195&quot;:&quot;\/media\/195x195\/Photosite\/PGC\/BOISSONS\/3245414819849_PHOTOSITE_20161123_081745_0.jpg?placeholder=1&quot;,&quot;150x150&quot;:&quot;\/media\/150x150\/Photosite\/PGC\/BOISSONS\/3245414819849_PHOTOSITE_20161123_081745_0.jpg?placeholder=1&quot;,&quot;43x43&quot;:&quot;\/media\/43x43\/Photosite\/PGC\/BOISSONS\/3245414819849_PHOTOSITE_20161123_081745_0.jpg?placeholder=1&quot;},{&quot;largest&quot;:&quot;\/media\/1500x1500\/Photosite\/PGC\/BOISSONS\/3245414819849_PHOTOSITE_20161123_081745_7.jpg?placeholder=1&quot;,&quot;1500x1500&quot;:&quot;\/media\/1500x1500\/Photosite\/PGC\/BOISSONS\/3245414819849_PHOTOSITE_20161123_081745_7.jpg?placeholder=1&quot;,&quot;540x540&quot;:&quot;\/media\/540x540\/Photosite\/PGC\/BOISSONS\/3245414819849_PHOTOSITE_20161123_081745_7.jpg?placeholder=1&quot;,&quot;380x380&quot;:&quot;\/media\/380x380\/Photosite\/PGC\/BOISSONS\/3245414819849_PHOTOSITE_20161123_081745_7.jpg?placeholder=1&quot;,&quot;340x340&quot;:&quot;\/media\/340x340\/Photosite\/PGC\/BOISSONS\/3245414819849_PHOTOSITE_20161123_081745_7.jpg?placeholder=1&quot;,&quot;340x240&quot;:&quot;\/media\/340x240\/Photosite\/PGC\/BOISSONS\/3245414819849_PHOTOSITE_20161123_081745_7.jpg?placeholder=1&quot;,&quot;280x280&quot;:&quot;\/media\/280x280\/Photosite\/PGC\/BOISSONS\/3245414819849_PHOTOSITE_20161123_081745_7.jpg?placeholder=1&quot;,&quot;195x195&quot;:&quot;\/media\/195x195\/Photosite\/PGC\/BOISSONS\/3245414819849_PHOTOSITE_20161123_081745_7.jpg?placeholder=1&quot;,&quot;150x150&quot;:&quot;\/media\/150x150\/Photosite\/PGC\/BOISSONS\/3245414819849_PHOTOSITE_20161123_081745_7.jpg?placeholder=1&quot;,&quot;43x43&quot;:&quot;\/media\/43x43\/Photosite\/PGC\/BOISSONS\/3245414819849_PHOTOSITE_20161123_081745_7.jpg?placeholder=1&quot;}],&quot;promotion&quot;:null,&quot;isDonation&quot;:false,&quot;highlightLabel&quot;:null,&quot;seller&quot;:null,&quot;sellerId&quot;:null,&quot;marketplace&quot;:null,&quot;freshness&quot;:null,&quot;traceability&quot;:null,&quot;flags&quot;:[],&quot;clubs&quot;:[],&quot;packaging&quot;:&quot;la bouteille de 75cl&quot;,&quot;origin&quot;:&quot;&quot;,&quot;format&quot;:&quot;75cL&quot;},&quot;relationships&quot;:{&quot;substitution&quot;:null},&quot;meta&quot;:{&quot;recommendation&quot;:null,&quot;cta&quot;:&quot;buy&quot;,&quot;features&quot;:{&quot;shoppingList&quot;:true,&quot;deletable&quot;:false,&quot;swap&quot;:false,&quot;feedback&quot;:false,&quot;freshness&quot;:true}},&quot;links&quot;:{&quot;self&quot;:&quot;\/p\/vin-rouge-bourgogne-pinot-noir-cave-augustin-florent-3245414819849?t=27074&quot;}}"
  layout="vertical"
  :render-context="{&quot;zone&quot;:&quot;product-list&quot;,&quot;clickAndCollectEnable&quot;:true}"
  >
  <article class="ds-product-card ds-product-card--vertical">
  <div>
              <div class="ds-product-card--vertical-icons">
                <div
  class="add-to-shoppinglist"
  ean="3245414819849"
  is="add-to-shoppinglist"
></div>
      
        
      </div>
        <div class="ds-product-card--vertical-highlightlabel">
      
    </div>
    <div class="ds-product-card--vertical-infos">
      <div class="ds-product-card--vertical-text">
                
<a
  href="/p/vin-rouge-bourgogne-pinot-noir-cave-augustin-florent-3245414819849?t=27074"
  title="Vin rouge Bourgogne pinot noir CAVE AUGUSTIN FLORENT"
  rel=""
  target=""
  class="product-card-title product-card-title__reduced-line-clamp"
>
  

      

<h2 class="ds-title ds-title--s ds-title--medium">
  Vin rouge Bourgogne pinot noir CAVE AUGUSTIN FLORENT
</h2>
</a>
      
                

    

<div class="ds-body-text ds-body-text--size-s ds-body-text--color-standard-3 product-card-packaging">
      la bouteille de 75cl
  </div>
      
                

    

<div class="ds-body-text ds-body-text--size-s ds-body-text--color-standard-3 product-card-per-unit-label">
      8.80 € / Litre
  </div>
      
      </div>
      <div class="ds-product-card--vertical-image">
                
<a
  href="/p/vin-rouge-bourgogne-pinot-noir-cave-augustin-florent-3245414819849?t=27074"
  title="Vin rouge Bourgogne pinot noir CAVE AUGUSTIN FLORENT"
  rel=""
  target=""
  class="product-card-image"
>
  <img
      src="/images/loader-dots.svg"        data-src="/media/280x280/Photosite/PGC/BOISSONS/3245414819849_PHOTOSITE_20161123_081745_0.jpg?placeholder=1"        alt="Vin rouge Bourgogne pinot noir CAVE AUGUSTIN FLORENT"
  class="image image--hidden image--lazy product-card-image__image"
/>
</a>
      
      </div>
    </div>
        
    
  </div>
  <div>
    <div class="ds-product-card--vertical-promotion">
      
    </div>
    <div class="ds-product-card--vertical-flex">
              
    

    


<div class="product-card-price">
  <div class="product-card-price__price">
    

    

<span class="ds-title ds-title--m product-card-price__price--final">
  6,60€
</span>

      </div>
</div>
      
      <div class="ds-product-card--vertical-cta">
                  
<form
  is="add-to-cart"
  id="data-produit-acheter"
  class="add-to-cart"
  :product="{&quot;type&quot;:&quot;product&quot;,&quot;id&quot;:&quot;product-3245414819849&quot;,&quot;attributes&quot;:{&quot;ean&quot;:&quot;3245414819849&quot;,&quot;cdbase&quot;:&quot;3781427&quot;,&quot;title&quot;:&quot;Vin rouge Bourgogne pinot noir CAVE AUGUSTIN FLORENT&quot;,&quot;brand&quot;:&quot;CAVE AUGUSTIN FLOREN&quot;,&quot;slug&quot;:&quot;vin-rouge-bourgogne-pinot-noir-cave-augustin-florent&quot;,&quot;availability&quot;:{&quot;indispensable&quot;:false,&quot;purchasable&quot;:true,&quot;stopped&quot;:false,&quot;suspended&quot;:false,&quot;suspensionReason&quot;:null,&quot;checkable&quot;:false,&quot;currentStoreOffer&quot;:null},&quot;price&quot;:{&quot;price&quot;:6.5999999999999996,&quot;unitOfMeasure&quot;:&quot;Litre&quot;,&quot;perUnitLabel&quot;:&quot;8.80 \u20ac \/ Litre&quot;,&quot;taxMessage&quot;:&quot;&quot;,&quot;perUnit&quot;:8.8000000000000007},&quot;ordering&quot;:{&quot;min&quot;:1,&quot;step&quot;:1,&quot;max&quot;:36},&quot;offerServiceId&quot;:&quot;0261-150-6&quot;,&quot;uri&quot;:&quot;boissons\/cave-a-vins\/vins-rouges\/bourgogne&quot;,&quot;categories&quot;:[{&quot;id&quot;:&quot;27070&quot;,&quot;code&quot;:&quot;R10&quot;,&quot;slug&quot;:&quot;boissons&quot;,&quot;label&quot;:&quot;Boissons&quot;,&quot;uri&quot;:&quot;boissons&quot;,&quot;type&quot;:&quot;RAYON&quot;,&quot;level&quot;:1,&quot;sellerId&quot;:null},{&quot;id&quot;:&quot;27074&quot;,&quot;code&quot;:&quot;R10F02&quot;,&quot;slug&quot;:&quot;cave-a-vins&quot;,&quot;label&quot;:&quot;Cave \u00e0 vins&quot;,&quot;uri&quot;:&quot;boissons\/cave-a-vins&quot;,&quot;type&quot;:&quot;RAYON&quot;,&quot;level&quot;:2,&quot;sellerId&quot;:null},{&quot;id&quot;:&quot;27105&quot;,&quot;code&quot;:&quot;R10F02SF01&quot;,&quot;slug&quot;:&quot;vins-rouges&quot;,&quot;label&quot;:&quot;Vins rouges&quot;,&quot;uri&quot;:&quot;boissons\/cave-a-vins\/vins-rouges&quot;,&quot;type&quot;:&quot;RAYON&quot;,&quot;level&quot;:3,&quot;sellerId&quot;:null},{&quot;id&quot;:&quot;27144&quot;,&quot;code&quot;:&quot;R10F02SF01SS04&quot;,&quot;slug&quot;:&quot;bourgogne&quot;,&quot;label&quot;:&quot;Bourgogne&quot;,&quot;uri&quot;:&quot;boissons\/cave-a-vins\/vins-rouges\/bourgogne&quot;,&quot;type&quot;:&quot;RAYON&quot;,&quot;level&quot;:4,&quot;sellerId&quot;:null}],&quot;topCategoryName&quot;:&quot;Boissons&quot;,&quot;images&quot;:[{&quot;largest&quot;:&quot;\/media\/1500x1500\/Photosite\/PGC\/BOISSONS\/3245414819849_PHOTOSITE_20161123_081745_0.jpg?placeholder=1&quot;,&quot;1500x1500&quot;:&quot;\/media\/1500x1500\/Photosite\/PGC\/BOISSONS\/3245414819849_PHOTOSITE_20161123_081745_0.jpg?placeholder=1&quot;,&quot;540x540&quot;:&quot;\/media\/540x540\/Photosite\/PGC\/BOISSONS\/3245414819849_PHOTOSITE_20161123_081745_0.jpg?placeholder=1&quot;,&quot;380x380&quot;:&quot;\/media\/380x380\/Photosite\/PGC\/BOISSONS\/3245414819849_PHOTOSITE_20161123_081745_0.jpg?placeholder=1&quot;,&quot;340x340&quot;:&quot;\/media\/340x340\/Photosite\/PGC\/BOISSONS\/3245414819849_PHOTOSITE_20161123_081745_0.jpg?placeholder=1&quot;,&quot;340x240&quot;:&quot;\/media\/340x240\/Photosite\/PGC\/BOISSONS\/3245414819849_PHOTOSITE_20161123_081745_0.jpg?placeholder=1&quot;,&quot;280x280&quot;:&quot;\/media\/280x280\/Photosite\/PGC\/BOISSONS\/3245414819849_PHOTOSITE_20161123_081745_0.jpg?placeholder=1&quot;,&quot;195x195&quot;:&quot;\/media\/195x195\/Photosite\/PGC\/BOISSONS\/3245414819849_PHOTOSITE_20161123_081745_0.jpg?placeholder=1&quot;,&quot;150x150&quot;:&quot;\/media\/150x150\/Photosite\/PGC\/BOISSONS\/3245414819849_PHOTOSITE_20161123_081745_0.jpg?placeholder=1&quot;,&quot;43x43&quot;:&quot;\/media\/43x43\/Photosite\/PGC\/BOISSONS\/3245414819849_PHOTOSITE_20161123_081745_0.jpg?placeholder=1&quot;},{&quot;largest&quot;:&quot;\/media\/1500x1500\/Photosite\/PGC\/BOISSONS\/3245414819849_PHOTOSITE_20161123_081745_7.jpg?placeholder=1&quot;,&quot;1500x1500&quot;:&quot;\/media\/1500x1500\/Photosite\/PGC\/BOISSONS\/3245414819849_PHOTOSITE_20161123_081745_7.jpg?placeholder=1&quot;,&quot;540x540&quot;:&quot;\/media\/540x540\/Photosite\/PGC\/BOISSONS\/3245414819849_PHOTOSITE_20161123_081745_7.jpg?placeholder=1&quot;,&quot;380x380&quot;:&quot;\/media\/380x380\/Photosite\/PGC\/BOISSONS\/3245414819849_PHOTOSITE_20161123_081745_7.jpg?placeholder=1&quot;,&quot;340x340&quot;:&quot;\/media\/340x340\/Photosite\/PGC\/BOISSONS\/3245414819849_PHOTOSITE_20161123_081745_7.jpg?placeholder=1&quot;,&quot;340x240&quot;:&quot;\/media\/340x240\/Photosite\/PGC\/BOISSONS\/3245414819849_PHOTOSITE_20161123_081745_7.jpg?placeholder=1&quot;,&quot;280x280&quot;:&quot;\/media\/280x280\/Photosite\/PGC\/BOISSONS\/3245414819849_PHOTOSITE_20161123_081745_7.jpg?placeholder=1&quot;,&quot;195x195&quot;:&quot;\/media\/195x195\/Photosite\/PGC\/BOISSONS\/3245414819849_PHOTOSITE_20161123_081745_7.jpg?placeholder=1&quot;,&quot;150x150&quot;:&quot;\/media\/150x150\/Photosite\/PGC\/BOISSONS\/3245414819849_PHOTOSITE_20161123_081745_7.jpg?placeholder=1&quot;,&quot;43x43&quot;:&quot;\/media\/43x43\/Photosite\/PGC\/BOISSONS\/3245414819849_PHOTOSITE_20161123_081745_7.jpg?placeholder=1&quot;}],&quot;promotion&quot;:null,&quot;isDonation&quot;:false,&quot;highlightLabel&quot;:null,&quot;seller&quot;:null,&quot;sellerId&quot;:null,&quot;marketplace&quot;:null,&quot;freshness&quot;:null,&quot;traceability&quot;:null,&quot;flags&quot;:[],&quot;clubs&quot;:[],&quot;packaging&quot;:&quot;la bouteille de 75cl&quot;,&quot;origin&quot;:&quot;&quot;,&quot;format&quot;:&quot;75cL&quot;},&quot;relationships&quot;:{&quot;substitution&quot;:null},&quot;meta&quot;:{&quot;recommendation&quot;:null,&quot;cta&quot;:&quot;buy&quot;,&quot;features&quot;:{&quot;shoppingList&quot;:true,&quot;deletable&quot;:false,&quot;swap&quot;:false,&quot;feedback&quot;:false,&quot;freshness&quot;:true}},&quot;links&quot;:{&quot;self&quot;:&quot;\/p\/vin-rouge-bourgogne-pinot-noir-cave-augustin-florent-3245414819849?t=27074&quot;}}"
  is-click-and-collect=""
  offer-service-id="0261-150-6"
  basket-service-id=""
  :render-context="{&quot;zone&quot;:&quot;product-list&quot;,&quot;clickAndCollectEnable&quot;:true}" >
  

<button
  class="pl-button pl-button--primary"
        
>
      <span class="pl-button__label">
                    </span>
  </button>
</form>

      
      </div>
    </div>
      </div>
</article>
</div>

                    </li>
            
                <li class="product-grid-item " >
    
                        


<div
  is="ds-product-card"
  class="ds-product-card__twigwrap"
  :index="33"
  :product="{&quot;type&quot;:&quot;product&quot;,&quot;id&quot;:&quot;product-3245414678750&quot;,&quot;attributes&quot;:{&quot;ean&quot;:&quot;3245414678750&quot;,&quot;cdbase&quot;:&quot;3710450&quot;,&quot;title&quot;:&quot;Vin Blanc Bourgogne Bourgogne Aligot\u00e9 Aligot\u00e9 LA CAVE D&#039;AUGUSTIN FLORENT&quot;,&quot;brand&quot;:&quot;CAVE AUGUSTIN FLOREN&quot;,&quot;slug&quot;:&quot;vin-blanc-bourgogne-bourgogne-aligote-aligote-la-cave-d-augustin-florent&quot;,&quot;availability&quot;:{&quot;indispensable&quot;:false,&quot;purchasable&quot;:true,&quot;stopped&quot;:false,&quot;suspended&quot;:false,&quot;suspensionReason&quot;:null,&quot;checkable&quot;:false,&quot;currentStoreOffer&quot;:null},&quot;price&quot;:{&quot;price&quot;:5.7000000000000002,&quot;unitOfMeasure&quot;:&quot;Litre&quot;,&quot;perUnitLabel&quot;:&quot;7.60 \u20ac \/ Litre&quot;,&quot;taxMessage&quot;:&quot;&quot;,&quot;perUnit&quot;:7.5999999999999996},&quot;ordering&quot;:{&quot;min&quot;:1,&quot;step&quot;:1,&quot;max&quot;:20},&quot;offerServiceId&quot;:&quot;0261-150-6&quot;,&quot;uri&quot;:&quot;boissons\/cave-a-vins\/vins-blancs\/bourgogne&quot;,&quot;categories&quot;:[{&quot;id&quot;:&quot;27070&quot;,&quot;code&quot;:&quot;R10&quot;,&quot;slug&quot;:&quot;boissons&quot;,&quot;label&quot;:&quot;Boissons&quot;,&quot;uri&quot;:&quot;boissons&quot;,&quot;type&quot;:&quot;RAYON&quot;,&quot;level&quot;:1,&quot;sellerId&quot;:null},{&quot;id&quot;:&quot;27074&quot;,&quot;code&quot;:&quot;R10F02&quot;,&quot;slug&quot;:&quot;cave-a-vins&quot;,&quot;label&quot;:&quot;Cave \u00e0 vins&quot;,&quot;uri&quot;:&quot;boissons\/cave-a-vins&quot;,&quot;type&quot;:&quot;RAYON&quot;,&quot;level&quot;:2,&quot;sellerId&quot;:null},{&quot;id&quot;:&quot;27106&quot;,&quot;code&quot;:&quot;R10F02SF02&quot;,&quot;slug&quot;:&quot;vins-blancs&quot;,&quot;label&quot;:&quot;Vins blancs&quot;,&quot;uri&quot;:&quot;boissons\/cave-a-vins\/vins-blancs&quot;,&quot;type&quot;:&quot;RAYON&quot;,&quot;level&quot;:3,&quot;sellerId&quot;:null},{&quot;id&quot;:&quot;27151&quot;,&quot;code&quot;:&quot;R10F02SF02SS01&quot;,&quot;slug&quot;:&quot;bourgogne&quot;,&quot;label&quot;:&quot;Bourgogne&quot;,&quot;uri&quot;:&quot;boissons\/cave-a-vins\/vins-blancs\/bourgogne&quot;,&quot;type&quot;:&quot;RAYON&quot;,&quot;level&quot;:4,&quot;sellerId&quot;:null}],&quot;topCategoryName&quot;:&quot;Boissons&quot;,&quot;images&quot;:[{&quot;largest&quot;:&quot;\/media\/1500x1500\/Photosite\/PGC\/BOISSONS\/3245414678750_PHOTOSITE_20200804_080909_0.jpg?placeholder=1&quot;,&quot;1500x1500&quot;:&quot;\/media\/1500x1500\/Photosite\/PGC\/BOISSONS\/3245414678750_PHOTOSITE_20200804_080909_0.jpg?placeholder=1&quot;,&quot;540x540&quot;:&quot;\/media\/540x540\/Photosite\/PGC\/BOISSONS\/3245414678750_PHOTOSITE_20200804_080909_0.jpg?placeholder=1&quot;,&quot;380x380&quot;:&quot;\/media\/380x380\/Photosite\/PGC\/BOISSONS\/3245414678750_PHOTOSITE_20200804_080909_0.jpg?placeholder=1&quot;,&quot;340x340&quot;:&quot;\/media\/340x340\/Photosite\/PGC\/BOISSONS\/3245414678750_PHOTOSITE_20200804_080909_0.jpg?placeholder=1&quot;,&quot;340x240&quot;:&quot;\/media\/340x240\/Photosite\/PGC\/BOISSONS\/3245414678750_PHOTOSITE_20200804_080909_0.jpg?placeholder=1&quot;,&quot;280x280&quot;:&quot;\/media\/280x280\/Photosite\/PGC\/BOISSONS\/3245414678750_PHOTOSITE_20200804_080909_0.jpg?placeholder=1&quot;,&quot;195x195&quot;:&quot;\/media\/195x195\/Photosite\/PGC\/BOISSONS\/3245414678750_PHOTOSITE_20200804_080909_0.jpg?placeholder=1&quot;,&quot;150x150&quot;:&quot;\/media\/150x150\/Photosite\/PGC\/BOISSONS\/3245414678750_PHOTOSITE_20200804_080909_0.jpg?placeholder=1&quot;,&quot;43x43&quot;:&quot;\/media\/43x43\/Photosite\/PGC\/BOISSONS\/3245414678750_PHOTOSITE_20200804_080909_0.jpg?placeholder=1&quot;}],&quot;promotion&quot;:null,&quot;isDonation&quot;:false,&quot;highlightLabel&quot;:null,&quot;seller&quot;:null,&quot;sellerId&quot;:null,&quot;marketplace&quot;:null,&quot;freshness&quot;:null,&quot;traceability&quot;:null,&quot;flags&quot;:[&quot;flag.common.glutenfree&quot;],&quot;clubs&quot;:[],&quot;packaging&quot;:&quot;la bouteille de 75cL&quot;,&quot;origin&quot;:&quot;&quot;,&quot;format&quot;:&quot;75cL&quot;},&quot;relationships&quot;:{&quot;substitution&quot;:null},&quot;meta&quot;:{&quot;recommendation&quot;:null,&quot;cta&quot;:&quot;buy&quot;,&quot;features&quot;:{&quot;shoppingList&quot;:true,&quot;deletable&quot;:false,&quot;swap&quot;:false,&quot;feedback&quot;:false,&quot;freshness&quot;:true}},&quot;links&quot;:{&quot;self&quot;:&quot;\/p\/vin-blanc-bourgogne-bourgogne-aligote-aligote-la-cave-d-augustin-florent-3245414678750?t=27074&quot;}}"
  layout="vertical"
  :render-context="{&quot;zone&quot;:&quot;product-list&quot;,&quot;clickAndCollectEnable&quot;:true}"
  >
  <article class="ds-product-card ds-product-card--vertical">
  <div>
              <div class="ds-product-card--vertical-icons">
                <div
  class="add-to-shoppinglist"
  ean="3245414678750"
  is="add-to-shoppinglist"
></div>
      
        
      </div>
        <div class="ds-product-card--vertical-highlightlabel">
      
    </div>
    <div class="ds-product-card--vertical-infos">
      <div class="ds-product-card--vertical-text">
                
<a
  href="/p/vin-blanc-bourgogne-bourgogne-aligote-aligote-la-cave-d-augustin-florent-3245414678750?t=27074"
  title="Vin Blanc Bourgogne Bourgogne Aligoté Aligoté LA CAVE D&#039;AUGUSTIN FLORENT"
  rel=""
  target=""
  class="product-card-title product-card-title__reduced-line-clamp"
>
  

      

<h2 class="ds-title ds-title--s ds-title--medium">
  Vin Blanc Bourgogne Bourgogne Aligoté Aligoté LA CAVE D&#039;AUGUSTIN FLORENT
</h2>
</a>
      
                

    

<div class="ds-body-text ds-body-text--size-s ds-body-text--color-standard-3 product-card-packaging">
      la bouteille de 75cL
  </div>
      
                

    

<div class="ds-body-text ds-body-text--size-s ds-body-text--color-standard-3 product-card-per-unit-label">
      7.60 € / Litre
  </div>
      
      </div>
      <div class="ds-product-card--vertical-image">
                
<a
  href="/p/vin-blanc-bourgogne-bourgogne-aligote-aligote-la-cave-d-augustin-florent-3245414678750?t=27074"
  title="Vin Blanc Bourgogne Bourgogne Aligoté Aligoté LA CAVE D&#039;AUGUSTIN FLORENT"
  rel=""
  target=""
  class="product-card-image"
>
  <img
      src="/images/loader-dots.svg"        data-src="/media/280x280/Photosite/PGC/BOISSONS/3245414678750_PHOTOSITE_20200804_080909_0.jpg?placeholder=1"        alt="Vin Blanc Bourgogne Bourgogne Aligoté Aligoté LA CAVE D&#039;AUGUSTIN FLORENT"
  class="image image--hidden image--lazy product-card-image__image"
/>
</a>
      
      </div>
    </div>
          <div class="ds-product-card--vertical-badges">
                

  <ul class="product-badges-list" is="product-badges-list" :flags="[&quot;flag.common.glutenfree&quot;]" :modifiers="[&quot;size-m&quot;]">
                            <li class="product-badges-list__item">
            

<a class="product-badge__link product-badge--flag-common-glutenfr product-badge--size-m" href="#flag.common.glutenfree" data-flag-id="flag.common.glutenfree">
  <picture class="product-badge__icon">
    <img
      src="/images/badges/flag-common-glutenfree.svg"         alt="Sans gluten"
  class="image product-badge__icon__img"
/>
  </picture>
  <span class="product-badge__title">Sans gluten</span>
</a>
          </li>
                    </ul>
      
      </div>
        
    
  </div>
  <div>
    <div class="ds-product-card--vertical-promotion">
      
    </div>
    <div class="ds-product-card--vertical-flex">
              
    

    


<div class="product-card-price">
  <div class="product-card-price__price">
    

    

<span class="ds-title ds-title--m product-card-price__price--final">
  5,70€
</span>

      </div>
</div>
      
      <div class="ds-product-card--vertical-cta">
                  
<form
  is="add-to-cart"
  id="data-produit-acheter"
  class="add-to-cart"
  :product="{&quot;type&quot;:&quot;product&quot;,&quot;id&quot;:&quot;product-3245414678750&quot;,&quot;attributes&quot;:{&quot;ean&quot;:&quot;3245414678750&quot;,&quot;cdbase&quot;:&quot;3710450&quot;,&quot;title&quot;:&quot;Vin Blanc Bourgogne Bourgogne Aligot\u00e9 Aligot\u00e9 LA CAVE D&#039;AUGUSTIN FLORENT&quot;,&quot;brand&quot;:&quot;CAVE AUGUSTIN FLOREN&quot;,&quot;slug&quot;:&quot;vin-blanc-bourgogne-bourgogne-aligote-aligote-la-cave-d-augustin-florent&quot;,&quot;availability&quot;:{&quot;indispensable&quot;:false,&quot;purchasable&quot;:true,&quot;stopped&quot;:false,&quot;suspended&quot;:false,&quot;suspensionReason&quot;:null,&quot;checkable&quot;:false,&quot;currentStoreOffer&quot;:null},&quot;price&quot;:{&quot;price&quot;:5.7000000000000002,&quot;unitOfMeasure&quot;:&quot;Litre&quot;,&quot;perUnitLabel&quot;:&quot;7.60 \u20ac \/ Litre&quot;,&quot;taxMessage&quot;:&quot;&quot;,&quot;perUnit&quot;:7.5999999999999996},&quot;ordering&quot;:{&quot;min&quot;:1,&quot;step&quot;:1,&quot;max&quot;:20},&quot;offerServiceId&quot;:&quot;0261-150-6&quot;,&quot;uri&quot;:&quot;boissons\/cave-a-vins\/vins-blancs\/bourgogne&quot;,&quot;categories&quot;:[{&quot;id&quot;:&quot;27070&quot;,&quot;code&quot;:&quot;R10&quot;,&quot;slug&quot;:&quot;boissons&quot;,&quot;label&quot;:&quot;Boissons&quot;,&quot;uri&quot;:&quot;boissons&quot;,&quot;type&quot;:&quot;RAYON&quot;,&quot;level&quot;:1,&quot;sellerId&quot;:null},{&quot;id&quot;:&quot;27074&quot;,&quot;code&quot;:&quot;R10F02&quot;,&quot;slug&quot;:&quot;cave-a-vins&quot;,&quot;label&quot;:&quot;Cave \u00e0 vins&quot;,&quot;uri&quot;:&quot;boissons\/cave-a-vins&quot;,&quot;type&quot;:&quot;RAYON&quot;,&quot;level&quot;:2,&quot;sellerId&quot;:null},{&quot;id&quot;:&quot;27106&quot;,&quot;code&quot;:&quot;R10F02SF02&quot;,&quot;slug&quot;:&quot;vins-blancs&quot;,&quot;label&quot;:&quot;Vins blancs&quot;,&quot;uri&quot;:&quot;boissons\/cave-a-vins\/vins-blancs&quot;,&quot;type&quot;:&quot;RAYON&quot;,&quot;level&quot;:3,&quot;sellerId&quot;:null},{&quot;id&quot;:&quot;27151&quot;,&quot;code&quot;:&quot;R10F02SF02SS01&quot;,&quot;slug&quot;:&quot;bourgogne&quot;,&quot;label&quot;:&quot;Bourgogne&quot;,&quot;uri&quot;:&quot;boissons\/cave-a-vins\/vins-blancs\/bourgogne&quot;,&quot;type&quot;:&quot;RAYON&quot;,&quot;level&quot;:4,&quot;sellerId&quot;:null}],&quot;topCategoryName&quot;:&quot;Boissons&quot;,&quot;images&quot;:[{&quot;largest&quot;:&quot;\/media\/1500x1500\/Photosite\/PGC\/BOISSONS\/3245414678750_PHOTOSITE_20200804_080909_0.jpg?placeholder=1&quot;,&quot;1500x1500&quot;:&quot;\/media\/1500x1500\/Photosite\/PGC\/BOISSONS\/3245414678750_PHOTOSITE_20200804_080909_0.jpg?placeholder=1&quot;,&quot;540x540&quot;:&quot;\/media\/540x540\/Photosite\/PGC\/BOISSONS\/3245414678750_PHOTOSITE_20200804_080909_0.jpg?placeholder=1&quot;,&quot;380x380&quot;:&quot;\/media\/380x380\/Photosite\/PGC\/BOISSONS\/3245414678750_PHOTOSITE_20200804_080909_0.jpg?placeholder=1&quot;,&quot;340x340&quot;:&quot;\/media\/340x340\/Photosite\/PGC\/BOISSONS\/3245414678750_PHOTOSITE_20200804_080909_0.jpg?placeholder=1&quot;,&quot;340x240&quot;:&quot;\/media\/340x240\/Photosite\/PGC\/BOISSONS\/3245414678750_PHOTOSITE_20200804_080909_0.jpg?placeholder=1&quot;,&quot;280x280&quot;:&quot;\/media\/280x280\/Photosite\/PGC\/BOISSONS\/3245414678750_PHOTOSITE_20200804_080909_0.jpg?placeholder=1&quot;,&quot;195x195&quot;:&quot;\/media\/195x195\/Photosite\/PGC\/BOISSONS\/3245414678750_PHOTOSITE_20200804_080909_0.jpg?placeholder=1&quot;,&quot;150x150&quot;:&quot;\/media\/150x150\/Photosite\/PGC\/BOISSONS\/3245414678750_PHOTOSITE_20200804_080909_0.jpg?placeholder=1&quot;,&quot;43x43&quot;:&quot;\/media\/43x43\/Photosite\/PGC\/BOISSONS\/3245414678750_PHOTOSITE_20200804_080909_0.jpg?placeholder=1&quot;}],&quot;promotion&quot;:null,&quot;isDonation&quot;:false,&quot;highlightLabel&quot;:null,&quot;seller&quot;:null,&quot;sellerId&quot;:null,&quot;marketplace&quot;:null,&quot;freshness&quot;:null,&quot;traceability&quot;:null,&quot;flags&quot;:[&quot;flag.common.glutenfree&quot;],&quot;clubs&quot;:[],&quot;packaging&quot;:&quot;la bouteille de 75cL&quot;,&quot;origin&quot;:&quot;&quot;,&quot;format&quot;:&quot;75cL&quot;},&quot;relationships&quot;:{&quot;substitution&quot;:null},&quot;meta&quot;:{&quot;recommendation&quot;:null,&quot;cta&quot;:&quot;buy&quot;,&quot;features&quot;:{&quot;shoppingList&quot;:true,&quot;deletable&quot;:false,&quot;swap&quot;:false,&quot;feedback&quot;:false,&quot;freshness&quot;:true}},&quot;links&quot;:{&quot;self&quot;:&quot;\/p\/vin-blanc-bourgogne-bourgogne-aligote-aligote-la-cave-d-augustin-florent-3245414678750?t=27074&quot;}}"
  is-click-and-collect=""
  offer-service-id="0261-150-6"
  basket-service-id=""
  :render-context="{&quot;zone&quot;:&quot;product-list&quot;,&quot;clickAndCollectEnable&quot;:true}" >
  

<button
  class="pl-button pl-button--primary"
        
>
      <span class="pl-button__label">
                    </span>
  </button>
</form>

      
      </div>
    </div>
      </div>
</article>
</div>

                    </li>
            
                <li class="product-grid-item " >
    
                        


<div
  is="ds-product-card"
  class="ds-product-card__twigwrap"
  :index="34"
  :product="{&quot;type&quot;:&quot;product&quot;,&quot;id&quot;:&quot;product-3211200019755&quot;,&quot;attributes&quot;:{&quot;ean&quot;:&quot;3211200019755&quot;,&quot;cdbase&quot;:&quot;6488351&quot;,&quot;title&quot;:&quot;Vin blanc aromatique bio MONTMIREL&quot;,&quot;brand&quot;:&quot;MONTMIREL&quot;,&quot;slug&quot;:&quot;vin-blanc-aromatique-bio-montmirel&quot;,&quot;availability&quot;:{&quot;indispensable&quot;:false,&quot;purchasable&quot;:true,&quot;stopped&quot;:false,&quot;suspended&quot;:false,&quot;suspensionReason&quot;:null,&quot;checkable&quot;:false,&quot;currentStoreOffer&quot;:null},&quot;price&quot;:{&quot;price&quot;:13.9,&quot;unitOfMeasure&quot;:&quot;Litre&quot;,&quot;perUnitLabel&quot;:&quot;4.63 \u20ac \/ Litre&quot;,&quot;taxMessage&quot;:&quot;&quot;,&quot;perUnit&quot;:4.6299999999999999},&quot;ordering&quot;:{&quot;min&quot;:1,&quot;step&quot;:1,&quot;max&quot;:6},&quot;offerServiceId&quot;:&quot;0261-150-6&quot;,&quot;uri&quot;:&quot;boissons\/cave-a-vins\/vins-etrangers&quot;,&quot;categories&quot;:[{&quot;id&quot;:&quot;1838&quot;,&quot;code&quot;:&quot;R02&quot;,&quot;slug&quot;:&quot;bio-et-ecologie&quot;,&quot;label&quot;:&quot;Bio et Ecologie&quot;,&quot;uri&quot;:&quot;bio-et-ecologie&quot;,&quot;type&quot;:&quot;RAYON&quot;,&quot;level&quot;:1,&quot;sellerId&quot;:null},{&quot;id&quot;:&quot;1865&quot;,&quot;code&quot;:&quot;R02F07&quot;,&quot;slug&quot;:&quot;boissons&quot;,&quot;label&quot;:&quot;Boissons&quot;,&quot;uri&quot;:&quot;bio-et-ecologie\/boissons&quot;,&quot;type&quot;:&quot;RAYON&quot;,&quot;level&quot;:2,&quot;sellerId&quot;:null},{&quot;id&quot;:&quot;1869&quot;,&quot;code&quot;:&quot;R02F07SF01&quot;,&quot;slug&quot;:&quot;vins-cidres-et-bieres&quot;,&quot;label&quot;:&quot;Vins, Cidres et Bi\u00e8res&quot;,&quot;uri&quot;:&quot;bio-et-ecologie\/boissons\/vins-cidres-et-bieres&quot;,&quot;type&quot;:&quot;RAYON&quot;,&quot;level&quot;:3,&quot;sellerId&quot;:null}],&quot;topCategoryName&quot;:&quot;Bio et Ecologie&quot;,&quot;images&quot;:[{&quot;largest&quot;:&quot;\/media\/1500x1500\/Photosite\/PGC\/BOISSONS\/3211200019755_PHOTOSITE_20200407_063355_0.jpg?placeholder=1&quot;,&quot;1500x1500&quot;:&quot;\/media\/1500x1500\/Photosite\/PGC\/BOISSONS\/3211200019755_PHOTOSITE_20200407_063355_0.jpg?placeholder=1&quot;,&quot;540x540&quot;:&quot;\/media\/540x540\/Photosite\/PGC\/BOISSONS\/3211200019755_PHOTOSITE_20200407_063355_0.jpg?placeholder=1&quot;,&quot;380x380&quot;:&quot;\/media\/380x380\/Photosite\/PGC\/BOISSONS\/3211200019755_PHOTOSITE_20200407_063355_0.jpg?placeholder=1&quot;,&quot;340x340&quot;:&quot;\/media\/340x340\/Photosite\/PGC\/BOISSONS\/3211200019755_PHOTOSITE_20200407_063355_0.jpg?placeholder=1&quot;,&quot;340x240&quot;:&quot;\/media\/340x240\/Photosite\/PGC\/BOISSONS\/3211200019755_PHOTOSITE_20200407_063355_0.jpg?placeholder=1&quot;,&quot;280x280&quot;:&quot;\/media\/280x280\/Photosite\/PGC\/BOISSONS\/3211200019755_PHOTOSITE_20200407_063355_0.jpg?placeholder=1&quot;,&quot;195x195&quot;:&quot;\/media\/195x195\/Photosite\/PGC\/BOISSONS\/3211200019755_PHOTOSITE_20200407_063355_0.jpg?placeholder=1&quot;,&quot;150x150&quot;:&quot;\/media\/150x150\/Photosite\/PGC\/BOISSONS\/3211200019755_PHOTOSITE_20200407_063355_0.jpg?placeholder=1&quot;,&quot;43x43&quot;:&quot;\/media\/43x43\/Photosite\/PGC\/BOISSONS\/3211200019755_PHOTOSITE_20200407_063355_0.jpg?placeholder=1&quot;}],&quot;promotion&quot;:null,&quot;isDonation&quot;:false,&quot;highlightLabel&quot;:null,&quot;seller&quot;:null,&quot;sellerId&quot;:null,&quot;marketplace&quot;:null,&quot;freshness&quot;:null,&quot;traceability&quot;:null,&quot;flags&quot;:[&quot;flag.common.organic&quot;],&quot;clubs&quot;:[],&quot;packaging&quot;:&quot;la fontaine de 3L&quot;,&quot;origin&quot;:&quot;&quot;,&quot;format&quot;:&quot;3L&quot;},&quot;relationships&quot;:{&quot;substitution&quot;:null},&quot;meta&quot;:{&quot;recommendation&quot;:null,&quot;cta&quot;:&quot;buy&quot;,&quot;features&quot;:{&quot;shoppingList&quot;:true,&quot;deletable&quot;:false,&quot;swap&quot;:false,&quot;feedback&quot;:false,&quot;freshness&quot;:true}},&quot;links&quot;:{&quot;self&quot;:&quot;\/p\/vin-blanc-aromatique-bio-montmirel-3211200019755?t=27074&quot;}}"
  layout="vertical"
  :render-context="{&quot;zone&quot;:&quot;product-list&quot;,&quot;clickAndCollectEnable&quot;:true}"
  >
  <article class="ds-product-card ds-product-card--vertical">
  <div>
              <div class="ds-product-card--vertical-icons">
                <div
  class="add-to-shoppinglist"
  ean="3211200019755"
  is="add-to-shoppinglist"
></div>
      
        
      </div>
        <div class="ds-product-card--vertical-highlightlabel">
      
    </div>
    <div class="ds-product-card--vertical-infos">
      <div class="ds-product-card--vertical-text">
                
<a
  href="/p/vin-blanc-aromatique-bio-montmirel-3211200019755?t=27074"
  title="Vin blanc aromatique bio MONTMIREL"
  rel=""
  target=""
  class="product-card-title product-card-title__reduced-line-clamp"
>
  

      

<h2 class="ds-title ds-title--s ds-title--medium">
  Vin blanc aromatique bio MONTMIREL
</h2>
</a>
      
                

    

<div class="ds-body-text ds-body-text--size-s ds-body-text--color-standard-3 product-card-packaging">
      la fontaine de 3L
  </div>
      
                

    

<div class="ds-body-text ds-body-text--size-s ds-body-text--color-standard-3 product-card-per-unit-label">
      4.63 € / Litre
  </div>
      
      </div>
      <div class="ds-product-card--vertical-image">
                
<a
  href="/p/vin-blanc-aromatique-bio-montmirel-3211200019755?t=27074"
  title="Vin blanc aromatique bio MONTMIREL"
  rel=""
  target=""
  class="product-card-image"
>
  <img
      src="/images/loader-dots.svg"        data-src="/media/280x280/Photosite/PGC/BOISSONS/3211200019755_PHOTOSITE_20200407_063355_0.jpg?placeholder=1"        alt="Vin blanc aromatique bio MONTMIREL"
  class="image image--hidden image--lazy product-card-image__image"
/>
</a>
      
      </div>
    </div>
          <div class="ds-product-card--vertical-badges">
                

  <ul class="product-badges-list" is="product-badges-list" :flags="[&quot;flag.common.organic&quot;]" :modifiers="[&quot;size-m&quot;]">
                            <li class="product-badges-list__item">
            

<a class="product-badge__link product-badge--flag-common-organ product-badge--size-m" href="#flag.common.organic" data-flag-id="flag.common.organic">
  <picture class="product-badge__icon">
    <img
      src="/images/badges/flag-common-organic.svg"         alt="Produit Bio"
  class="image product-badge__icon__img"
/>
  </picture>
  <span class="product-badge__title">Produit Bio</span>
</a>
          </li>
                    </ul>
      
      </div>
        
    
  </div>
  <div>
    <div class="ds-product-card--vertical-promotion">
      
    </div>
    <div class="ds-product-card--vertical-flex">
              
    

    


<div class="product-card-price">
  <div class="product-card-price__price">
    

    

<span class="ds-title ds-title--m product-card-price__price--final">
  13,90€
</span>

      </div>
</div>
      
      <div class="ds-product-card--vertical-cta">
                  
<form
  is="add-to-cart"
  id="data-produit-acheter"
  class="add-to-cart"
  :product="{&quot;type&quot;:&quot;product&quot;,&quot;id&quot;:&quot;product-3211200019755&quot;,&quot;attributes&quot;:{&quot;ean&quot;:&quot;3211200019755&quot;,&quot;cdbase&quot;:&quot;6488351&quot;,&quot;title&quot;:&quot;Vin blanc aromatique bio MONTMIREL&quot;,&quot;brand&quot;:&quot;MONTMIREL&quot;,&quot;slug&quot;:&quot;vin-blanc-aromatique-bio-montmirel&quot;,&quot;availability&quot;:{&quot;indispensable&quot;:false,&quot;purchasable&quot;:true,&quot;stopped&quot;:false,&quot;suspended&quot;:false,&quot;suspensionReason&quot;:null,&quot;checkable&quot;:false,&quot;currentStoreOffer&quot;:null},&quot;price&quot;:{&quot;price&quot;:13.9,&quot;unitOfMeasure&quot;:&quot;Litre&quot;,&quot;perUnitLabel&quot;:&quot;4.63 \u20ac \/ Litre&quot;,&quot;taxMessage&quot;:&quot;&quot;,&quot;perUnit&quot;:4.6299999999999999},&quot;ordering&quot;:{&quot;min&quot;:1,&quot;step&quot;:1,&quot;max&quot;:6},&quot;offerServiceId&quot;:&quot;0261-150-6&quot;,&quot;uri&quot;:&quot;boissons\/cave-a-vins\/vins-etrangers&quot;,&quot;categories&quot;:[{&quot;id&quot;:&quot;1838&quot;,&quot;code&quot;:&quot;R02&quot;,&quot;slug&quot;:&quot;bio-et-ecologie&quot;,&quot;label&quot;:&quot;Bio et Ecologie&quot;,&quot;uri&quot;:&quot;bio-et-ecologie&quot;,&quot;type&quot;:&quot;RAYON&quot;,&quot;level&quot;:1,&quot;sellerId&quot;:null},{&quot;id&quot;:&quot;1865&quot;,&quot;code&quot;:&quot;R02F07&quot;,&quot;slug&quot;:&quot;boissons&quot;,&quot;label&quot;:&quot;Boissons&quot;,&quot;uri&quot;:&quot;bio-et-ecologie\/boissons&quot;,&quot;type&quot;:&quot;RAYON&quot;,&quot;level&quot;:2,&quot;sellerId&quot;:null},{&quot;id&quot;:&quot;1869&quot;,&quot;code&quot;:&quot;R02F07SF01&quot;,&quot;slug&quot;:&quot;vins-cidres-et-bieres&quot;,&quot;label&quot;:&quot;Vins, Cidres et Bi\u00e8res&quot;,&quot;uri&quot;:&quot;bio-et-ecologie\/boissons\/vins-cidres-et-bieres&quot;,&quot;type&quot;:&quot;RAYON&quot;,&quot;level&quot;:3,&quot;sellerId&quot;:null}],&quot;topCategoryName&quot;:&quot;Bio et Ecologie&quot;,&quot;images&quot;:[{&quot;largest&quot;:&quot;\/media\/1500x1500\/Photosite\/PGC\/BOISSONS\/3211200019755_PHOTOSITE_20200407_063355_0.jpg?placeholder=1&quot;,&quot;1500x1500&quot;:&quot;\/media\/1500x1500\/Photosite\/PGC\/BOISSONS\/3211200019755_PHOTOSITE_20200407_063355_0.jpg?placeholder=1&quot;,&quot;540x540&quot;:&quot;\/media\/540x540\/Photosite\/PGC\/BOISSONS\/3211200019755_PHOTOSITE_20200407_063355_0.jpg?placeholder=1&quot;,&quot;380x380&quot;:&quot;\/media\/380x380\/Photosite\/PGC\/BOISSONS\/3211200019755_PHOTOSITE_20200407_063355_0.jpg?placeholder=1&quot;,&quot;340x340&quot;:&quot;\/media\/340x340\/Photosite\/PGC\/BOISSONS\/3211200019755_PHOTOSITE_20200407_063355_0.jpg?placeholder=1&quot;,&quot;340x240&quot;:&quot;\/media\/340x240\/Photosite\/PGC\/BOISSONS\/3211200019755_PHOTOSITE_20200407_063355_0.jpg?placeholder=1&quot;,&quot;280x280&quot;:&quot;\/media\/280x280\/Photosite\/PGC\/BOISSONS\/3211200019755_PHOTOSITE_20200407_063355_0.jpg?placeholder=1&quot;,&quot;195x195&quot;:&quot;\/media\/195x195\/Photosite\/PGC\/BOISSONS\/3211200019755_PHOTOSITE_20200407_063355_0.jpg?placeholder=1&quot;,&quot;150x150&quot;:&quot;\/media\/150x150\/Photosite\/PGC\/BOISSONS\/3211200019755_PHOTOSITE_20200407_063355_0.jpg?placeholder=1&quot;,&quot;43x43&quot;:&quot;\/media\/43x43\/Photosite\/PGC\/BOISSONS\/3211200019755_PHOTOSITE_20200407_063355_0.jpg?placeholder=1&quot;}],&quot;promotion&quot;:null,&quot;isDonation&quot;:false,&quot;highlightLabel&quot;:null,&quot;seller&quot;:null,&quot;sellerId&quot;:null,&quot;marketplace&quot;:null,&quot;freshness&quot;:null,&quot;traceability&quot;:null,&quot;flags&quot;:[&quot;flag.common.organic&quot;],&quot;clubs&quot;:[],&quot;packaging&quot;:&quot;la fontaine de 3L&quot;,&quot;origin&quot;:&quot;&quot;,&quot;format&quot;:&quot;3L&quot;},&quot;relationships&quot;:{&quot;substitution&quot;:null},&quot;meta&quot;:{&quot;recommendation&quot;:null,&quot;cta&quot;:&quot;buy&quot;,&quot;features&quot;:{&quot;shoppingList&quot;:true,&quot;deletable&quot;:false,&quot;swap&quot;:false,&quot;feedback&quot;:false,&quot;freshness&quot;:true}},&quot;links&quot;:{&quot;self&quot;:&quot;\/p\/vin-blanc-aromatique-bio-montmirel-3211200019755?t=27074&quot;}}"
  is-click-and-collect=""
  offer-service-id="0261-150-6"
  basket-service-id=""
  :render-context="{&quot;zone&quot;:&quot;product-list&quot;,&quot;clickAndCollectEnable&quot;:true}" >
  

<button
  class="pl-button pl-button--primary"
        
>
      <span class="pl-button__label">
                    </span>
  </button>
</form>

      
      </div>
    </div>
      </div>
</article>
</div>

                    </li>
            
                <li class="product-grid-item " >
    
                        


<div
  is="ds-product-card"
  class="ds-product-card__twigwrap"
  :index="35"
  :product="{&quot;type&quot;:&quot;product&quot;,&quot;id&quot;:&quot;product-3660989187153&quot;,&quot;attributes&quot;:{&quot;ean&quot;:&quot;3660989187153&quot;,&quot;cdbase&quot;:&quot;6156844&quot;,&quot;title&quot;:&quot;Vin ros\u00e9 Cinsault et Grenache LA FRANCETTE&quot;,&quot;brand&quot;:&quot;LA FRANCETTE&quot;,&quot;slug&quot;:&quot;vin-rose-cinsault-et-grenache-la-francette&quot;,&quot;availability&quot;:{&quot;indispensable&quot;:false,&quot;purchasable&quot;:true,&quot;stopped&quot;:false,&quot;suspended&quot;:false,&quot;suspensionReason&quot;:null,&quot;checkable&quot;:false,&quot;currentStoreOffer&quot;:null},&quot;price&quot;:{&quot;price&quot;:9.9499999999999993,&quot;unitOfMeasure&quot;:&quot;Litre&quot;,&quot;perUnitLabel&quot;:&quot;1.99 \u20ac \/ Litre&quot;,&quot;taxMessage&quot;:&quot;&quot;,&quot;perUnit&quot;:1.99},&quot;ordering&quot;:{&quot;min&quot;:1,&quot;step&quot;:1,&quot;max&quot;:20},&quot;offerServiceId&quot;:&quot;0261-150-6&quot;,&quot;uri&quot;:&quot;boissons\/cave-a-vins\/fontaines-vins&quot;,&quot;categories&quot;:[{&quot;id&quot;:&quot;27070&quot;,&quot;code&quot;:&quot;R10&quot;,&quot;slug&quot;:&quot;boissons&quot;,&quot;label&quot;:&quot;Boissons&quot;,&quot;uri&quot;:&quot;boissons&quot;,&quot;type&quot;:&quot;RAYON&quot;,&quot;level&quot;:1,&quot;sellerId&quot;:null},{&quot;id&quot;:&quot;27074&quot;,&quot;code&quot;:&quot;R10F02&quot;,&quot;slug&quot;:&quot;cave-a-vins&quot;,&quot;label&quot;:&quot;Cave \u00e0 vins&quot;,&quot;uri&quot;:&quot;boissons\/cave-a-vins&quot;,&quot;type&quot;:&quot;RAYON&quot;,&quot;level&quot;:2,&quot;sellerId&quot;:null},{&quot;id&quot;:&quot;27140&quot;,&quot;code&quot;:&quot;R10F02SF05&quot;,&quot;slug&quot;:&quot;fontaines-vins&quot;,&quot;label&quot;:&quot;Fontaines \u00e0 vins&quot;,&quot;uri&quot;:&quot;boissons\/cave-a-vins\/fontaines-vins&quot;,&quot;type&quot;:&quot;RAYON&quot;,&quot;level&quot;:3,&quot;sellerId&quot;:null}],&quot;topCategoryName&quot;:&quot;Boissons&quot;,&quot;images&quot;:[{&quot;largest&quot;:&quot;\/media\/1500x1500\/Photosite\/PGC\/BOISSONS\/3660989187153_PHOTOSITE_20180814_161442_0.jpg?placeholder=1&quot;,&quot;1500x1500&quot;:&quot;\/media\/1500x1500\/Photosite\/PGC\/BOISSONS\/3660989187153_PHOTOSITE_20180814_161442_0.jpg?placeholder=1&quot;,&quot;540x540&quot;:&quot;\/media\/540x540\/Photosite\/PGC\/BOISSONS\/3660989187153_PHOTOSITE_20180814_161442_0.jpg?placeholder=1&quot;,&quot;380x380&quot;:&quot;\/media\/380x380\/Photosite\/PGC\/BOISSONS\/3660989187153_PHOTOSITE_20180814_161442_0.jpg?placeholder=1&quot;,&quot;340x340&quot;:&quot;\/media\/340x340\/Photosite\/PGC\/BOISSONS\/3660989187153_PHOTOSITE_20180814_161442_0.jpg?placeholder=1&quot;,&quot;340x240&quot;:&quot;\/media\/340x240\/Photosite\/PGC\/BOISSONS\/3660989187153_PHOTOSITE_20180814_161442_0.jpg?placeholder=1&quot;,&quot;280x280&quot;:&quot;\/media\/280x280\/Photosite\/PGC\/BOISSONS\/3660989187153_PHOTOSITE_20180814_161442_0.jpg?placeholder=1&quot;,&quot;195x195&quot;:&quot;\/media\/195x195\/Photosite\/PGC\/BOISSONS\/3660989187153_PHOTOSITE_20180814_161442_0.jpg?placeholder=1&quot;,&quot;150x150&quot;:&quot;\/media\/150x150\/Photosite\/PGC\/BOISSONS\/3660989187153_PHOTOSITE_20180814_161442_0.jpg?placeholder=1&quot;,&quot;43x43&quot;:&quot;\/media\/43x43\/Photosite\/PGC\/BOISSONS\/3660989187153_PHOTOSITE_20180814_161442_0.jpg?placeholder=1&quot;}],&quot;promotion&quot;:null,&quot;isDonation&quot;:false,&quot;highlightLabel&quot;:null,&quot;seller&quot;:null,&quot;sellerId&quot;:null,&quot;marketplace&quot;:null,&quot;freshness&quot;:null,&quot;traceability&quot;:null,&quot;flags&quot;:[],&quot;clubs&quot;:[],&quot;packaging&quot;:&quot;la fontaine de 5L&quot;,&quot;origin&quot;:&quot;&quot;,&quot;format&quot;:&quot;5L&quot;},&quot;relationships&quot;:{&quot;substitution&quot;:null},&quot;meta&quot;:{&quot;recommendation&quot;:null,&quot;cta&quot;:&quot;buy&quot;,&quot;features&quot;:{&quot;shoppingList&quot;:true,&quot;deletable&quot;:false,&quot;swap&quot;:false,&quot;feedback&quot;:false,&quot;freshness&quot;:true}},&quot;links&quot;:{&quot;self&quot;:&quot;\/p\/vin-rose-cinsault-et-grenache-la-francette-3660989187153?t=27074&quot;}}"
  layout="vertical"
  :render-context="{&quot;zone&quot;:&quot;product-list&quot;,&quot;clickAndCollectEnable&quot;:true}"
  >
  <article class="ds-product-card ds-product-card--vertical">
  <div>
              <div class="ds-product-card--vertical-icons">
                <div
  class="add-to-shoppinglist"
  ean="3660989187153"
  is="add-to-shoppinglist"
></div>
      
        
      </div>
        <div class="ds-product-card--vertical-highlightlabel">
      
    </div>
    <div class="ds-product-card--vertical-infos">
      <div class="ds-product-card--vertical-text">
                
<a
  href="/p/vin-rose-cinsault-et-grenache-la-francette-3660989187153?t=27074"
  title="Vin rosé Cinsault et Grenache LA FRANCETTE"
  rel=""
  target=""
  class="product-card-title product-card-title__reduced-line-clamp"
>
  

      

<h2 class="ds-title ds-title--s ds-title--medium">
  Vin rosé Cinsault et Grenache LA FRANCETTE
</h2>
</a>
      
                

    

<div class="ds-body-text ds-body-text--size-s ds-body-text--color-standard-3 product-card-packaging">
      la fontaine de 5L
  </div>
      
                

    

<div class="ds-body-text ds-body-text--size-s ds-body-text--color-standard-3 product-card-per-unit-label">
      1.99 € / Litre
  </div>
      
      </div>
      <div class="ds-product-card--vertical-image">
                
<a
  href="/p/vin-rose-cinsault-et-grenache-la-francette-3660989187153?t=27074"
  title="Vin rosé Cinsault et Grenache LA FRANCETTE"
  rel=""
  target=""
  class="product-card-image"
>
  <img
      src="/images/loader-dots.svg"        data-src="/media/280x280/Photosite/PGC/BOISSONS/3660989187153_PHOTOSITE_20180814_161442_0.jpg?placeholder=1"        alt="Vin rosé Cinsault et Grenache LA FRANCETTE"
  class="image image--hidden image--lazy product-card-image__image"
/>
</a>
      
      </div>
    </div>
        
    
  </div>
  <div>
    <div class="ds-product-card--vertical-promotion">
      
    </div>
    <div class="ds-product-card--vertical-flex">
              
    

    


<div class="product-card-price">
  <div class="product-card-price__price">
    

    

<span class="ds-title ds-title--m product-card-price__price--final">
  9,95€
</span>

      </div>
</div>
      
      <div class="ds-product-card--vertical-cta">
                  
<form
  is="add-to-cart"
  id="data-produit-acheter"
  class="add-to-cart"
  :product="{&quot;type&quot;:&quot;product&quot;,&quot;id&quot;:&quot;product-3660989187153&quot;,&quot;attributes&quot;:{&quot;ean&quot;:&quot;3660989187153&quot;,&quot;cdbase&quot;:&quot;6156844&quot;,&quot;title&quot;:&quot;Vin ros\u00e9 Cinsault et Grenache LA FRANCETTE&quot;,&quot;brand&quot;:&quot;LA FRANCETTE&quot;,&quot;slug&quot;:&quot;vin-rose-cinsault-et-grenache-la-francette&quot;,&quot;availability&quot;:{&quot;indispensable&quot;:false,&quot;purchasable&quot;:true,&quot;stopped&quot;:false,&quot;suspended&quot;:false,&quot;suspensionReason&quot;:null,&quot;checkable&quot;:false,&quot;currentStoreOffer&quot;:null},&quot;price&quot;:{&quot;price&quot;:9.9499999999999993,&quot;unitOfMeasure&quot;:&quot;Litre&quot;,&quot;perUnitLabel&quot;:&quot;1.99 \u20ac \/ Litre&quot;,&quot;taxMessage&quot;:&quot;&quot;,&quot;perUnit&quot;:1.99},&quot;ordering&quot;:{&quot;min&quot;:1,&quot;step&quot;:1,&quot;max&quot;:20},&quot;offerServiceId&quot;:&quot;0261-150-6&quot;,&quot;uri&quot;:&quot;boissons\/cave-a-vins\/fontaines-vins&quot;,&quot;categories&quot;:[{&quot;id&quot;:&quot;27070&quot;,&quot;code&quot;:&quot;R10&quot;,&quot;slug&quot;:&quot;boissons&quot;,&quot;label&quot;:&quot;Boissons&quot;,&quot;uri&quot;:&quot;boissons&quot;,&quot;type&quot;:&quot;RAYON&quot;,&quot;level&quot;:1,&quot;sellerId&quot;:null},{&quot;id&quot;:&quot;27074&quot;,&quot;code&quot;:&quot;R10F02&quot;,&quot;slug&quot;:&quot;cave-a-vins&quot;,&quot;label&quot;:&quot;Cave \u00e0 vins&quot;,&quot;uri&quot;:&quot;boissons\/cave-a-vins&quot;,&quot;type&quot;:&quot;RAYON&quot;,&quot;level&quot;:2,&quot;sellerId&quot;:null},{&quot;id&quot;:&quot;27140&quot;,&quot;code&quot;:&quot;R10F02SF05&quot;,&quot;slug&quot;:&quot;fontaines-vins&quot;,&quot;label&quot;:&quot;Fontaines \u00e0 vins&quot;,&quot;uri&quot;:&quot;boissons\/cave-a-vins\/fontaines-vins&quot;,&quot;type&quot;:&quot;RAYON&quot;,&quot;level&quot;:3,&quot;sellerId&quot;:null}],&quot;topCategoryName&quot;:&quot;Boissons&quot;,&quot;images&quot;:[{&quot;largest&quot;:&quot;\/media\/1500x1500\/Photosite\/PGC\/BOISSONS\/3660989187153_PHOTOSITE_20180814_161442_0.jpg?placeholder=1&quot;,&quot;1500x1500&quot;:&quot;\/media\/1500x1500\/Photosite\/PGC\/BOISSONS\/3660989187153_PHOTOSITE_20180814_161442_0.jpg?placeholder=1&quot;,&quot;540x540&quot;:&quot;\/media\/540x540\/Photosite\/PGC\/BOISSONS\/3660989187153_PHOTOSITE_20180814_161442_0.jpg?placeholder=1&quot;,&quot;380x380&quot;:&quot;\/media\/380x380\/Photosite\/PGC\/BOISSONS\/3660989187153_PHOTOSITE_20180814_161442_0.jpg?placeholder=1&quot;,&quot;340x340&quot;:&quot;\/media\/340x340\/Photosite\/PGC\/BOISSONS\/3660989187153_PHOTOSITE_20180814_161442_0.jpg?placeholder=1&quot;,&quot;340x240&quot;:&quot;\/media\/340x240\/Photosite\/PGC\/BOISSONS\/3660989187153_PHOTOSITE_20180814_161442_0.jpg?placeholder=1&quot;,&quot;280x280&quot;:&quot;\/media\/280x280\/Photosite\/PGC\/BOISSONS\/3660989187153_PHOTOSITE_20180814_161442_0.jpg?placeholder=1&quot;,&quot;195x195&quot;:&quot;\/media\/195x195\/Photosite\/PGC\/BOISSONS\/3660989187153_PHOTOSITE_20180814_161442_0.jpg?placeholder=1&quot;,&quot;150x150&quot;:&quot;\/media\/150x150\/Photosite\/PGC\/BOISSONS\/3660989187153_PHOTOSITE_20180814_161442_0.jpg?placeholder=1&quot;,&quot;43x43&quot;:&quot;\/media\/43x43\/Photosite\/PGC\/BOISSONS\/3660989187153_PHOTOSITE_20180814_161442_0.jpg?placeholder=1&quot;}],&quot;promotion&quot;:null,&quot;isDonation&quot;:false,&quot;highlightLabel&quot;:null,&quot;seller&quot;:null,&quot;sellerId&quot;:null,&quot;marketplace&quot;:null,&quot;freshness&quot;:null,&quot;traceability&quot;:null,&quot;flags&quot;:[],&quot;clubs&quot;:[],&quot;packaging&quot;:&quot;la fontaine de 5L&quot;,&quot;origin&quot;:&quot;&quot;,&quot;format&quot;:&quot;5L&quot;},&quot;relationships&quot;:{&quot;substitution&quot;:null},&quot;meta&quot;:{&quot;recommendation&quot;:null,&quot;cta&quot;:&quot;buy&quot;,&quot;features&quot;:{&quot;shoppingList&quot;:true,&quot;deletable&quot;:false,&quot;swap&quot;:false,&quot;feedback&quot;:false,&quot;freshness&quot;:true}},&quot;links&quot;:{&quot;self&quot;:&quot;\/p\/vin-rose-cinsault-et-grenache-la-francette-3660989187153?t=27074&quot;}}"
  is-click-and-collect=""
  offer-service-id="0261-150-6"
  basket-service-id=""
  :render-context="{&quot;zone&quot;:&quot;product-list&quot;,&quot;clickAndCollectEnable&quot;:true}" >
  

<button
  class="pl-button pl-button--primary"
        
>
      <span class="pl-button__label">
                    </span>
  </button>
</form>

      
      </div>
    </div>
      </div>
</article>
</div>

                    </li>
            
                <li class="product-grid-item " >
    
                        


<div
  is="ds-product-card"
  class="ds-product-card__twigwrap"
  :index="36"
  :product="{&quot;type&quot;:&quot;product&quot;,&quot;id&quot;:&quot;product-3211203420091&quot;,&quot;attributes&quot;:{&quot;ean&quot;:&quot;3211203420091&quot;,&quot;cdbase&quot;:&quot;2999153&quot;,&quot;title&quot;:&quot;Vin ros\u00e9 Cinsault Syrah Pays d&#039;Oc  LES ORMES DE CAMBRAS &quot;,&quot;brand&quot;:&quot;REFS.SANS MARQUE&quot;,&quot;slug&quot;:&quot;vin-rose-cinsault-syrah-pays-d-oc-les-ormes-de-cambras&quot;,&quot;availability&quot;:{&quot;indispensable&quot;:false,&quot;purchasable&quot;:true,&quot;stopped&quot;:false,&quot;suspended&quot;:false,&quot;suspensionReason&quot;:null,&quot;checkable&quot;:false,&quot;currentStoreOffer&quot;:null},&quot;price&quot;:{&quot;price&quot;:2.8500000000000001,&quot;unitOfMeasure&quot;:&quot;Litre&quot;,&quot;perUnitLabel&quot;:&quot;3.80 \u20ac \/ Litre&quot;,&quot;taxMessage&quot;:&quot;&quot;,&quot;perUnit&quot;:3.7999999999999998},&quot;ordering&quot;:{&quot;min&quot;:1,&quot;step&quot;:1,&quot;max&quot;:36},&quot;offerServiceId&quot;:&quot;0261-150-6&quot;,&quot;uri&quot;:&quot;boissons\/cave-a-vins\/vins-roses\/vins-de-pays-vins-de-table-rose&quot;,&quot;categories&quot;:[{&quot;id&quot;:&quot;27070&quot;,&quot;code&quot;:&quot;R10&quot;,&quot;slug&quot;:&quot;boissons&quot;,&quot;label&quot;:&quot;Boissons&quot;,&quot;uri&quot;:&quot;boissons&quot;,&quot;type&quot;:&quot;RAYON&quot;,&quot;level&quot;:1,&quot;sellerId&quot;:null},{&quot;id&quot;:&quot;27074&quot;,&quot;code&quot;:&quot;R10F02&quot;,&quot;slug&quot;:&quot;cave-a-vins&quot;,&quot;label&quot;:&quot;Cave \u00e0 vins&quot;,&quot;uri&quot;:&quot;boissons\/cave-a-vins&quot;,&quot;type&quot;:&quot;RAYON&quot;,&quot;level&quot;:2,&quot;sellerId&quot;:null},{&quot;id&quot;:&quot;27107&quot;,&quot;code&quot;:&quot;R10F02SF03&quot;,&quot;slug&quot;:&quot;vins-roses&quot;,&quot;label&quot;:&quot;Vins ros\u00e9s&quot;,&quot;uri&quot;:&quot;boissons\/cave-a-vins\/vins-roses&quot;,&quot;type&quot;:&quot;RAYON&quot;,&quot;level&quot;:3,&quot;sellerId&quot;:null},{&quot;id&quot;:&quot;27165&quot;,&quot;code&quot;:&quot;R10F02SF03SS06&quot;,&quot;slug&quot;:&quot;vins-de-pays-vins-de-table-rose&quot;,&quot;label&quot;:&quot;Vins de pays et Vins de table ros\u00e9&quot;,&quot;uri&quot;:&quot;boissons\/cave-a-vins\/vins-roses\/vins-de-pays-vins-de-table-rose&quot;,&quot;type&quot;:&quot;RAYON&quot;,&quot;level&quot;:4,&quot;sellerId&quot;:null}],&quot;topCategoryName&quot;:&quot;Boissons&quot;,&quot;images&quot;:[{&quot;largest&quot;:&quot;\/media\/1500x1500\/Photosite\/PGC\/BOISSONS\/3211203420091_PHOTOSITE_20201228_180625_0.jpg?placeholder=1&quot;,&quot;1500x1500&quot;:&quot;\/media\/1500x1500\/Photosite\/PGC\/BOISSONS\/3211203420091_PHOTOSITE_20201228_180625_0.jpg?placeholder=1&quot;,&quot;540x540&quot;:&quot;\/media\/540x540\/Photosite\/PGC\/BOISSONS\/3211203420091_PHOTOSITE_20201228_180625_0.jpg?placeholder=1&quot;,&quot;380x380&quot;:&quot;\/media\/380x380\/Photosite\/PGC\/BOISSONS\/3211203420091_PHOTOSITE_20201228_180625_0.jpg?placeholder=1&quot;,&quot;340x340&quot;:&quot;\/media\/340x340\/Photosite\/PGC\/BOISSONS\/3211203420091_PHOTOSITE_20201228_180625_0.jpg?placeholder=1&quot;,&quot;340x240&quot;:&quot;\/media\/340x240\/Photosite\/PGC\/BOISSONS\/3211203420091_PHOTOSITE_20201228_180625_0.jpg?placeholder=1&quot;,&quot;280x280&quot;:&quot;\/media\/280x280\/Photosite\/PGC\/BOISSONS\/3211203420091_PHOTOSITE_20201228_180625_0.jpg?placeholder=1&quot;,&quot;195x195&quot;:&quot;\/media\/195x195\/Photosite\/PGC\/BOISSONS\/3211203420091_PHOTOSITE_20201228_180625_0.jpg?placeholder=1&quot;,&quot;150x150&quot;:&quot;\/media\/150x150\/Photosite\/PGC\/BOISSONS\/3211203420091_PHOTOSITE_20201228_180625_0.jpg?placeholder=1&quot;,&quot;43x43&quot;:&quot;\/media\/43x43\/Photosite\/PGC\/BOISSONS\/3211203420091_PHOTOSITE_20201228_180625_0.jpg?placeholder=1&quot;}],&quot;promotion&quot;:null,&quot;isDonation&quot;:false,&quot;highlightLabel&quot;:null,&quot;seller&quot;:null,&quot;sellerId&quot;:null,&quot;marketplace&quot;:null,&quot;freshness&quot;:null,&quot;traceability&quot;:null,&quot;flags&quot;:[&quot;flag.common.igp&quot;],&quot;clubs&quot;:[],&quot;packaging&quot;:&quot;la bouteille de 75cl&quot;,&quot;origin&quot;:&quot;&quot;,&quot;format&quot;:&quot;75cL&quot;},&quot;relationships&quot;:{&quot;substitution&quot;:null},&quot;meta&quot;:{&quot;recommendation&quot;:null,&quot;cta&quot;:&quot;buy&quot;,&quot;features&quot;:{&quot;shoppingList&quot;:true,&quot;deletable&quot;:false,&quot;swap&quot;:false,&quot;feedback&quot;:false,&quot;freshness&quot;:true}},&quot;links&quot;:{&quot;self&quot;:&quot;\/p\/vin-rose-cinsault-syrah-pays-d-oc-les-ormes-de-cambras-3211203420091?t=27074&quot;}}"
  layout="vertical"
  :render-context="{&quot;zone&quot;:&quot;product-list&quot;,&quot;clickAndCollectEnable&quot;:true}"
  >
  <article class="ds-product-card ds-product-card--vertical">
  <div>
              <div class="ds-product-card--vertical-icons">
                <div
  class="add-to-shoppinglist"
  ean="3211203420091"
  is="add-to-shoppinglist"
></div>
      
        
      </div>
        <div class="ds-product-card--vertical-highlightlabel">
      
    </div>
    <div class="ds-product-card--vertical-infos">
      <div class="ds-product-card--vertical-text">
                
<a
  href="/p/vin-rose-cinsault-syrah-pays-d-oc-les-ormes-de-cambras-3211203420091?t=27074"
  title="Vin rosé Cinsault Syrah Pays d&#039;Oc  LES ORMES DE CAMBRAS "
  rel=""
  target=""
  class="product-card-title product-card-title__reduced-line-clamp"
>
  

      

<h2 class="ds-title ds-title--s ds-title--medium">
  Vin rosé Cinsault Syrah Pays d&#039;Oc  LES ORMES DE CAMBRAS 
</h2>
</a>
      
                

    

<div class="ds-body-text ds-body-text--size-s ds-body-text--color-standard-3 product-card-packaging">
      la bouteille de 75cl
  </div>
      
                

    

<div class="ds-body-text ds-body-text--size-s ds-body-text--color-standard-3 product-card-per-unit-label">
      3.80 € / Litre
  </div>
      
      </div>
      <div class="ds-product-card--vertical-image">
                
<a
  href="/p/vin-rose-cinsault-syrah-pays-d-oc-les-ormes-de-cambras-3211203420091?t=27074"
  title="Vin rosé Cinsault Syrah Pays d&#039;Oc  LES ORMES DE CAMBRAS "
  rel=""
  target=""
  class="product-card-image"
>
  <img
      src="/images/loader-dots.svg"        data-src="/media/280x280/Photosite/PGC/BOISSONS/3211203420091_PHOTOSITE_20201228_180625_0.jpg?placeholder=1"        alt="Vin rosé Cinsault Syrah Pays d&#039;Oc  LES ORMES DE CAMBRAS "
  class="image image--hidden image--lazy product-card-image__image"
/>
</a>
      
      </div>
    </div>
          <div class="ds-product-card--vertical-badges">
                

  <ul class="product-badges-list" is="product-badges-list" :flags="[&quot;flag.common.igp&quot;]" :modifiers="[&quot;size-m&quot;]">
                            <li class="product-badges-list__item">
            

<a class="product-badge__link product-badge--flag-common-i product-badge--size-m" href="#flag.common.igp" data-flag-id="flag.common.igp">
  <picture class="product-badge__icon">
    <img
      src="/images/badges/flag-common-igp.svg"         alt="Indication géographique protégée"
  class="image product-badge__icon__img"
/>
  </picture>
  <span class="product-badge__title">Indication géographique protégée</span>
</a>
          </li>
                    </ul>
      
      </div>
        
    
  </div>
  <div>
    <div class="ds-product-card--vertical-promotion">
      
    </div>
    <div class="ds-product-card--vertical-flex">
              
    

    


<div class="product-card-price">
  <div class="product-card-price__price">
    

    

<span class="ds-title ds-title--m product-card-price__price--final">
  2,85€
</span>

      </div>
</div>
      
      <div class="ds-product-card--vertical-cta">
                  
<form
  is="add-to-cart"
  id="data-produit-acheter"
  class="add-to-cart"
  :product="{&quot;type&quot;:&quot;product&quot;,&quot;id&quot;:&quot;product-3211203420091&quot;,&quot;attributes&quot;:{&quot;ean&quot;:&quot;3211203420091&quot;,&quot;cdbase&quot;:&quot;2999153&quot;,&quot;title&quot;:&quot;Vin ros\u00e9 Cinsault Syrah Pays d&#039;Oc  LES ORMES DE CAMBRAS &quot;,&quot;brand&quot;:&quot;REFS.SANS MARQUE&quot;,&quot;slug&quot;:&quot;vin-rose-cinsault-syrah-pays-d-oc-les-ormes-de-cambras&quot;,&quot;availability&quot;:{&quot;indispensable&quot;:false,&quot;purchasable&quot;:true,&quot;stopped&quot;:false,&quot;suspended&quot;:false,&quot;suspensionReason&quot;:null,&quot;checkable&quot;:false,&quot;currentStoreOffer&quot;:null},&quot;price&quot;:{&quot;price&quot;:2.8500000000000001,&quot;unitOfMeasure&quot;:&quot;Litre&quot;,&quot;perUnitLabel&quot;:&quot;3.80 \u20ac \/ Litre&quot;,&quot;taxMessage&quot;:&quot;&quot;,&quot;perUnit&quot;:3.7999999999999998},&quot;ordering&quot;:{&quot;min&quot;:1,&quot;step&quot;:1,&quot;max&quot;:36},&quot;offerServiceId&quot;:&quot;0261-150-6&quot;,&quot;uri&quot;:&quot;boissons\/cave-a-vins\/vins-roses\/vins-de-pays-vins-de-table-rose&quot;,&quot;categories&quot;:[{&quot;id&quot;:&quot;27070&quot;,&quot;code&quot;:&quot;R10&quot;,&quot;slug&quot;:&quot;boissons&quot;,&quot;label&quot;:&quot;Boissons&quot;,&quot;uri&quot;:&quot;boissons&quot;,&quot;type&quot;:&quot;RAYON&quot;,&quot;level&quot;:1,&quot;sellerId&quot;:null},{&quot;id&quot;:&quot;27074&quot;,&quot;code&quot;:&quot;R10F02&quot;,&quot;slug&quot;:&quot;cave-a-vins&quot;,&quot;label&quot;:&quot;Cave \u00e0 vins&quot;,&quot;uri&quot;:&quot;boissons\/cave-a-vins&quot;,&quot;type&quot;:&quot;RAYON&quot;,&quot;level&quot;:2,&quot;sellerId&quot;:null},{&quot;id&quot;:&quot;27107&quot;,&quot;code&quot;:&quot;R10F02SF03&quot;,&quot;slug&quot;:&quot;vins-roses&quot;,&quot;label&quot;:&quot;Vins ros\u00e9s&quot;,&quot;uri&quot;:&quot;boissons\/cave-a-vins\/vins-roses&quot;,&quot;type&quot;:&quot;RAYON&quot;,&quot;level&quot;:3,&quot;sellerId&quot;:null},{&quot;id&quot;:&quot;27165&quot;,&quot;code&quot;:&quot;R10F02SF03SS06&quot;,&quot;slug&quot;:&quot;vins-de-pays-vins-de-table-rose&quot;,&quot;label&quot;:&quot;Vins de pays et Vins de table ros\u00e9&quot;,&quot;uri&quot;:&quot;boissons\/cave-a-vins\/vins-roses\/vins-de-pays-vins-de-table-rose&quot;,&quot;type&quot;:&quot;RAYON&quot;,&quot;level&quot;:4,&quot;sellerId&quot;:null}],&quot;topCategoryName&quot;:&quot;Boissons&quot;,&quot;images&quot;:[{&quot;largest&quot;:&quot;\/media\/1500x1500\/Photosite\/PGC\/BOISSONS\/3211203420091_PHOTOSITE_20201228_180625_0.jpg?placeholder=1&quot;,&quot;1500x1500&quot;:&quot;\/media\/1500x1500\/Photosite\/PGC\/BOISSONS\/3211203420091_PHOTOSITE_20201228_180625_0.jpg?placeholder=1&quot;,&quot;540x540&quot;:&quot;\/media\/540x540\/Photosite\/PGC\/BOISSONS\/3211203420091_PHOTOSITE_20201228_180625_0.jpg?placeholder=1&quot;,&quot;380x380&quot;:&quot;\/media\/380x380\/Photosite\/PGC\/BOISSONS\/3211203420091_PHOTOSITE_20201228_180625_0.jpg?placeholder=1&quot;,&quot;340x340&quot;:&quot;\/media\/340x340\/Photosite\/PGC\/BOISSONS\/3211203420091_PHOTOSITE_20201228_180625_0.jpg?placeholder=1&quot;,&quot;340x240&quot;:&quot;\/media\/340x240\/Photosite\/PGC\/BOISSONS\/3211203420091_PHOTOSITE_20201228_180625_0.jpg?placeholder=1&quot;,&quot;280x280&quot;:&quot;\/media\/280x280\/Photosite\/PGC\/BOISSONS\/3211203420091_PHOTOSITE_20201228_180625_0.jpg?placeholder=1&quot;,&quot;195x195&quot;:&quot;\/media\/195x195\/Photosite\/PGC\/BOISSONS\/3211203420091_PHOTOSITE_20201228_180625_0.jpg?placeholder=1&quot;,&quot;150x150&quot;:&quot;\/media\/150x150\/Photosite\/PGC\/BOISSONS\/3211203420091_PHOTOSITE_20201228_180625_0.jpg?placeholder=1&quot;,&quot;43x43&quot;:&quot;\/media\/43x43\/Photosite\/PGC\/BOISSONS\/3211203420091_PHOTOSITE_20201228_180625_0.jpg?placeholder=1&quot;}],&quot;promotion&quot;:null,&quot;isDonation&quot;:false,&quot;highlightLabel&quot;:null,&quot;seller&quot;:null,&quot;sellerId&quot;:null,&quot;marketplace&quot;:null,&quot;freshness&quot;:null,&quot;traceability&quot;:null,&quot;flags&quot;:[&quot;flag.common.igp&quot;],&quot;clubs&quot;:[],&quot;packaging&quot;:&quot;la bouteille de 75cl&quot;,&quot;origin&quot;:&quot;&quot;,&quot;format&quot;:&quot;75cL&quot;},&quot;relationships&quot;:{&quot;substitution&quot;:null},&quot;meta&quot;:{&quot;recommendation&quot;:null,&quot;cta&quot;:&quot;buy&quot;,&quot;features&quot;:{&quot;shoppingList&quot;:true,&quot;deletable&quot;:false,&quot;swap&quot;:false,&quot;feedback&quot;:false,&quot;freshness&quot;:true}},&quot;links&quot;:{&quot;self&quot;:&quot;\/p\/vin-rose-cinsault-syrah-pays-d-oc-les-ormes-de-cambras-3211203420091?t=27074&quot;}}"
  is-click-and-collect=""
  offer-service-id="0261-150-6"
  basket-service-id=""
  :render-context="{&quot;zone&quot;:&quot;product-list&quot;,&quot;clickAndCollectEnable&quot;:true}" >
  

<button
  class="pl-button pl-button--primary"
        
>
      <span class="pl-button__label">
                    </span>
  </button>
</form>

      
      </div>
    </div>
      </div>
</article>
</div>

                    </li>
            
                <li class="product-grid-item " >
    
                        


<div
  is="ds-product-card"
  class="ds-product-card__twigwrap"
  :index="37"
  :product="{&quot;type&quot;:&quot;product&quot;,&quot;id&quot;:&quot;product-3245414171664&quot;,&quot;attributes&quot;:{&quot;ean&quot;:&quot;3245414171664&quot;,&quot;cdbase&quot;:&quot;3503843&quot;,&quot;title&quot;:&quot;Vin Rouge Languedoc Roussillon Corbi\u00e8res Syrah - Grenache LA CAVE D&#039;AUGUSTIN FLORENT&quot;,&quot;brand&quot;:&quot;CAVE AUGUSTIN FLOREN&quot;,&quot;slug&quot;:&quot;vin-rouge-languedoc-roussillon-corbieres-syrah-grenache-la-cave-d-augustin-florent&quot;,&quot;availability&quot;:{&quot;indispensable&quot;:false,&quot;purchasable&quot;:true,&quot;stopped&quot;:false,&quot;suspended&quot;:false,&quot;suspensionReason&quot;:null,&quot;checkable&quot;:false,&quot;currentStoreOffer&quot;:null},&quot;price&quot;:{&quot;price&quot;:8.8000000000000007,&quot;unitOfMeasure&quot;:&quot;Litre&quot;,&quot;perUnitLabel&quot;:&quot;2.93 \u20ac \/ Litre&quot;,&quot;taxMessage&quot;:&quot;&quot;,&quot;perUnit&quot;:2.9300000000000002},&quot;ordering&quot;:{&quot;min&quot;:1,&quot;step&quot;:1,&quot;max&quot;:36},&quot;offerServiceId&quot;:&quot;0261-150-6&quot;,&quot;uri&quot;:&quot;boissons\/cave-a-vins\/fontaines-vins&quot;,&quot;categories&quot;:[{&quot;id&quot;:&quot;27070&quot;,&quot;code&quot;:&quot;R10&quot;,&quot;slug&quot;:&quot;boissons&quot;,&quot;label&quot;:&quot;Boissons&quot;,&quot;uri&quot;:&quot;boissons&quot;,&quot;type&quot;:&quot;RAYON&quot;,&quot;level&quot;:1,&quot;sellerId&quot;:null},{&quot;id&quot;:&quot;27074&quot;,&quot;code&quot;:&quot;R10F02&quot;,&quot;slug&quot;:&quot;cave-a-vins&quot;,&quot;label&quot;:&quot;Cave \u00e0 vins&quot;,&quot;uri&quot;:&quot;boissons\/cave-a-vins&quot;,&quot;type&quot;:&quot;RAYON&quot;,&quot;level&quot;:2,&quot;sellerId&quot;:null},{&quot;id&quot;:&quot;27140&quot;,&quot;code&quot;:&quot;R10F02SF05&quot;,&quot;slug&quot;:&quot;fontaines-vins&quot;,&quot;label&quot;:&quot;Fontaines \u00e0 vins&quot;,&quot;uri&quot;:&quot;boissons\/cave-a-vins\/fontaines-vins&quot;,&quot;type&quot;:&quot;RAYON&quot;,&quot;level&quot;:3,&quot;sellerId&quot;:null}],&quot;topCategoryName&quot;:&quot;Boissons&quot;,&quot;images&quot;:[{&quot;largest&quot;:&quot;\/media\/1500x1500\/Photosite\/PGC\/BOISSONS\/3245414171664_PHOTOSITE_20200213_171626_0.jpg?placeholder=1&quot;,&quot;1500x1500&quot;:&quot;\/media\/1500x1500\/Photosite\/PGC\/BOISSONS\/3245414171664_PHOTOSITE_20200213_171626_0.jpg?placeholder=1&quot;,&quot;540x540&quot;:&quot;\/media\/540x540\/Photosite\/PGC\/BOISSONS\/3245414171664_PHOTOSITE_20200213_171626_0.jpg?placeholder=1&quot;,&quot;380x380&quot;:&quot;\/media\/380x380\/Photosite\/PGC\/BOISSONS\/3245414171664_PHOTOSITE_20200213_171626_0.jpg?placeholder=1&quot;,&quot;340x340&quot;:&quot;\/media\/340x340\/Photosite\/PGC\/BOISSONS\/3245414171664_PHOTOSITE_20200213_171626_0.jpg?placeholder=1&quot;,&quot;340x240&quot;:&quot;\/media\/340x240\/Photosite\/PGC\/BOISSONS\/3245414171664_PHOTOSITE_20200213_171626_0.jpg?placeholder=1&quot;,&quot;280x280&quot;:&quot;\/media\/280x280\/Photosite\/PGC\/BOISSONS\/3245414171664_PHOTOSITE_20200213_171626_0.jpg?placeholder=1&quot;,&quot;195x195&quot;:&quot;\/media\/195x195\/Photosite\/PGC\/BOISSONS\/3245414171664_PHOTOSITE_20200213_171626_0.jpg?placeholder=1&quot;,&quot;150x150&quot;:&quot;\/media\/150x150\/Photosite\/PGC\/BOISSONS\/3245414171664_PHOTOSITE_20200213_171626_0.jpg?placeholder=1&quot;,&quot;43x43&quot;:&quot;\/media\/43x43\/Photosite\/PGC\/BOISSONS\/3245414171664_PHOTOSITE_20200213_171626_0.jpg?placeholder=1&quot;}],&quot;promotion&quot;:null,&quot;isDonation&quot;:false,&quot;highlightLabel&quot;:null,&quot;seller&quot;:null,&quot;sellerId&quot;:null,&quot;marketplace&quot;:null,&quot;freshness&quot;:null,&quot;traceability&quot;:null,&quot;flags&quot;:[],&quot;clubs&quot;:[],&quot;packaging&quot;:&quot;la fontaine de 3L&quot;,&quot;origin&quot;:&quot;&quot;,&quot;format&quot;:&quot;3L&quot;},&quot;relationships&quot;:{&quot;substitution&quot;:null},&quot;meta&quot;:{&quot;recommendation&quot;:null,&quot;cta&quot;:&quot;buy&quot;,&quot;features&quot;:{&quot;shoppingList&quot;:true,&quot;deletable&quot;:false,&quot;swap&quot;:false,&quot;feedback&quot;:false,&quot;freshness&quot;:true}},&quot;links&quot;:{&quot;self&quot;:&quot;\/p\/vin-rouge-languedoc-roussillon-corbieres-syrah-grenache-la-cave-d-augustin-florent-3245414171664?t=27074&quot;}}"
  layout="vertical"
  :render-context="{&quot;zone&quot;:&quot;product-list&quot;,&quot;clickAndCollectEnable&quot;:true}"
  >
  <article class="ds-product-card ds-product-card--vertical">
  <div>
              <div class="ds-product-card--vertical-icons">
                <div
  class="add-to-shoppinglist"
  ean="3245414171664"
  is="add-to-shoppinglist"
></div>
      
        
      </div>
        <div class="ds-product-card--vertical-highlightlabel">
      
    </div>
    <div class="ds-product-card--vertical-infos">
      <div class="ds-product-card--vertical-text">
                
<a
  href="/p/vin-rouge-languedoc-roussillon-corbieres-syrah-grenache-la-cave-d-augustin-florent-3245414171664?t=27074"
  title="Vin Rouge Languedoc Roussillon Corbières Syrah - Grenache LA CAVE D&#039;AUGUSTIN FLORENT"
  rel=""
  target=""
  class="product-card-title product-card-title__reduced-line-clamp"
>
  

      

<h2 class="ds-title ds-title--s ds-title--medium">
  Vin Rouge Languedoc Roussillon Corbières Syrah - Grenache LA CAVE D&#039;AUGUSTIN FLORENT
</h2>
</a>
      
                

    

<div class="ds-body-text ds-body-text--size-s ds-body-text--color-standard-3 product-card-packaging">
      la fontaine de 3L
  </div>
      
                

    

<div class="ds-body-text ds-body-text--size-s ds-body-text--color-standard-3 product-card-per-unit-label">
      2.93 € / Litre
  </div>
      
      </div>
      <div class="ds-product-card--vertical-image">
                
<a
  href="/p/vin-rouge-languedoc-roussillon-corbieres-syrah-grenache-la-cave-d-augustin-florent-3245414171664?t=27074"
  title="Vin Rouge Languedoc Roussillon Corbières Syrah - Grenache LA CAVE D&#039;AUGUSTIN FLORENT"
  rel=""
  target=""
  class="product-card-image"
>
  <img
      src="/images/loader-dots.svg"        data-src="/media/280x280/Photosite/PGC/BOISSONS/3245414171664_PHOTOSITE_20200213_171626_0.jpg?placeholder=1"        alt="Vin Rouge Languedoc Roussillon Corbières Syrah - Grenache LA CAVE D&#039;AUGUSTIN FLORENT"
  class="image image--hidden image--lazy product-card-image__image"
/>
</a>
      
      </div>
    </div>
        
    
  </div>
  <div>
    <div class="ds-product-card--vertical-promotion">
      
    </div>
    <div class="ds-product-card--vertical-flex">
              
    

    


<div class="product-card-price">
  <div class="product-card-price__price">
    

    

<span class="ds-title ds-title--m product-card-price__price--final">
  8,80€
</span>

      </div>
</div>
      
      <div class="ds-product-card--vertical-cta">
                  
<form
  is="add-to-cart"
  id="data-produit-acheter"
  class="add-to-cart"
  :product="{&quot;type&quot;:&quot;product&quot;,&quot;id&quot;:&quot;product-3245414171664&quot;,&quot;attributes&quot;:{&quot;ean&quot;:&quot;3245414171664&quot;,&quot;cdbase&quot;:&quot;3503843&quot;,&quot;title&quot;:&quot;Vin Rouge Languedoc Roussillon Corbi\u00e8res Syrah - Grenache LA CAVE D&#039;AUGUSTIN FLORENT&quot;,&quot;brand&quot;:&quot;CAVE AUGUSTIN FLOREN&quot;,&quot;slug&quot;:&quot;vin-rouge-languedoc-roussillon-corbieres-syrah-grenache-la-cave-d-augustin-florent&quot;,&quot;availability&quot;:{&quot;indispensable&quot;:false,&quot;purchasable&quot;:true,&quot;stopped&quot;:false,&quot;suspended&quot;:false,&quot;suspensionReason&quot;:null,&quot;checkable&quot;:false,&quot;currentStoreOffer&quot;:null},&quot;price&quot;:{&quot;price&quot;:8.8000000000000007,&quot;unitOfMeasure&quot;:&quot;Litre&quot;,&quot;perUnitLabel&quot;:&quot;2.93 \u20ac \/ Litre&quot;,&quot;taxMessage&quot;:&quot;&quot;,&quot;perUnit&quot;:2.9300000000000002},&quot;ordering&quot;:{&quot;min&quot;:1,&quot;step&quot;:1,&quot;max&quot;:36},&quot;offerServiceId&quot;:&quot;0261-150-6&quot;,&quot;uri&quot;:&quot;boissons\/cave-a-vins\/fontaines-vins&quot;,&quot;categories&quot;:[{&quot;id&quot;:&quot;27070&quot;,&quot;code&quot;:&quot;R10&quot;,&quot;slug&quot;:&quot;boissons&quot;,&quot;label&quot;:&quot;Boissons&quot;,&quot;uri&quot;:&quot;boissons&quot;,&quot;type&quot;:&quot;RAYON&quot;,&quot;level&quot;:1,&quot;sellerId&quot;:null},{&quot;id&quot;:&quot;27074&quot;,&quot;code&quot;:&quot;R10F02&quot;,&quot;slug&quot;:&quot;cave-a-vins&quot;,&quot;label&quot;:&quot;Cave \u00e0 vins&quot;,&quot;uri&quot;:&quot;boissons\/cave-a-vins&quot;,&quot;type&quot;:&quot;RAYON&quot;,&quot;level&quot;:2,&quot;sellerId&quot;:null},{&quot;id&quot;:&quot;27140&quot;,&quot;code&quot;:&quot;R10F02SF05&quot;,&quot;slug&quot;:&quot;fontaines-vins&quot;,&quot;label&quot;:&quot;Fontaines \u00e0 vins&quot;,&quot;uri&quot;:&quot;boissons\/cave-a-vins\/fontaines-vins&quot;,&quot;type&quot;:&quot;RAYON&quot;,&quot;level&quot;:3,&quot;sellerId&quot;:null}],&quot;topCategoryName&quot;:&quot;Boissons&quot;,&quot;images&quot;:[{&quot;largest&quot;:&quot;\/media\/1500x1500\/Photosite\/PGC\/BOISSONS\/3245414171664_PHOTOSITE_20200213_171626_0.jpg?placeholder=1&quot;,&quot;1500x1500&quot;:&quot;\/media\/1500x1500\/Photosite\/PGC\/BOISSONS\/3245414171664_PHOTOSITE_20200213_171626_0.jpg?placeholder=1&quot;,&quot;540x540&quot;:&quot;\/media\/540x540\/Photosite\/PGC\/BOISSONS\/3245414171664_PHOTOSITE_20200213_171626_0.jpg?placeholder=1&quot;,&quot;380x380&quot;:&quot;\/media\/380x380\/Photosite\/PGC\/BOISSONS\/3245414171664_PHOTOSITE_20200213_171626_0.jpg?placeholder=1&quot;,&quot;340x340&quot;:&quot;\/media\/340x340\/Photosite\/PGC\/BOISSONS\/3245414171664_PHOTOSITE_20200213_171626_0.jpg?placeholder=1&quot;,&quot;340x240&quot;:&quot;\/media\/340x240\/Photosite\/PGC\/BOISSONS\/3245414171664_PHOTOSITE_20200213_171626_0.jpg?placeholder=1&quot;,&quot;280x280&quot;:&quot;\/media\/280x280\/Photosite\/PGC\/BOISSONS\/3245414171664_PHOTOSITE_20200213_171626_0.jpg?placeholder=1&quot;,&quot;195x195&quot;:&quot;\/media\/195x195\/Photosite\/PGC\/BOISSONS\/3245414171664_PHOTOSITE_20200213_171626_0.jpg?placeholder=1&quot;,&quot;150x150&quot;:&quot;\/media\/150x150\/Photosite\/PGC\/BOISSONS\/3245414171664_PHOTOSITE_20200213_171626_0.jpg?placeholder=1&quot;,&quot;43x43&quot;:&quot;\/media\/43x43\/Photosite\/PGC\/BOISSONS\/3245414171664_PHOTOSITE_20200213_171626_0.jpg?placeholder=1&quot;}],&quot;promotion&quot;:null,&quot;isDonation&quot;:false,&quot;highlightLabel&quot;:null,&quot;seller&quot;:null,&quot;sellerId&quot;:null,&quot;marketplace&quot;:null,&quot;freshness&quot;:null,&quot;traceability&quot;:null,&quot;flags&quot;:[],&quot;clubs&quot;:[],&quot;packaging&quot;:&quot;la fontaine de 3L&quot;,&quot;origin&quot;:&quot;&quot;,&quot;format&quot;:&quot;3L&quot;},&quot;relationships&quot;:{&quot;substitution&quot;:null},&quot;meta&quot;:{&quot;recommendation&quot;:null,&quot;cta&quot;:&quot;buy&quot;,&quot;features&quot;:{&quot;shoppingList&quot;:true,&quot;deletable&quot;:false,&quot;swap&quot;:false,&quot;feedback&quot;:false,&quot;freshness&quot;:true}},&quot;links&quot;:{&quot;self&quot;:&quot;\/p\/vin-rouge-languedoc-roussillon-corbieres-syrah-grenache-la-cave-d-augustin-florent-3245414171664?t=27074&quot;}}"
  is-click-and-collect=""
  offer-service-id="0261-150-6"
  basket-service-id=""
  :render-context="{&quot;zone&quot;:&quot;product-list&quot;,&quot;clickAndCollectEnable&quot;:true}" >
  

<button
  class="pl-button pl-button--primary"
        
>
      <span class="pl-button__label">
                    </span>
  </button>
</form>

      
      </div>
    </div>
      </div>
</article>
</div>

                    </li>
            
                <li class="product-grid-item " >
    
                        


<div
  is="ds-product-card"
  class="ds-product-card__twigwrap"
  :index="38"
  :product="{&quot;type&quot;:&quot;product&quot;,&quot;id&quot;:&quot;product-3245414134980&quot;,&quot;attributes&quot;:{&quot;ean&quot;:&quot;3245414134980&quot;,&quot;cdbase&quot;:&quot;3490624&quot;,&quot;title&quot;:&quot;Vin rouge Fitou  CAVE AUGUSTIN FLORENT &quot;,&quot;brand&quot;:&quot;CAVE AUGUSTIN FLOREN&quot;,&quot;slug&quot;:&quot;vin-rouge-fitou-cave-augustin-florent&quot;,&quot;availability&quot;:{&quot;indispensable&quot;:false,&quot;purchasable&quot;:true,&quot;stopped&quot;:false,&quot;suspended&quot;:false,&quot;suspensionReason&quot;:null,&quot;checkable&quot;:false,&quot;currentStoreOffer&quot;:null},&quot;price&quot;:{&quot;price&quot;:4.0999999999999996,&quot;unitOfMeasure&quot;:&quot;Litre&quot;,&quot;perUnitLabel&quot;:&quot;5.47 \u20ac \/ Litre&quot;,&quot;taxMessage&quot;:&quot;&quot;,&quot;perUnit&quot;:5.4699999999999998},&quot;ordering&quot;:{&quot;min&quot;:1,&quot;step&quot;:1,&quot;max&quot;:36},&quot;offerServiceId&quot;:&quot;0261-150-6&quot;,&quot;uri&quot;:&quot;boissons\/cave-a-vins\/vins-rouges\/languedoc-roussillon&quot;,&quot;categories&quot;:[{&quot;id&quot;:&quot;27070&quot;,&quot;code&quot;:&quot;R10&quot;,&quot;slug&quot;:&quot;boissons&quot;,&quot;label&quot;:&quot;Boissons&quot;,&quot;uri&quot;:&quot;boissons&quot;,&quot;type&quot;:&quot;RAYON&quot;,&quot;level&quot;:1,&quot;sellerId&quot;:null},{&quot;id&quot;:&quot;27074&quot;,&quot;code&quot;:&quot;R10F02&quot;,&quot;slug&quot;:&quot;cave-a-vins&quot;,&quot;label&quot;:&quot;Cave \u00e0 vins&quot;,&quot;uri&quot;:&quot;boissons\/cave-a-vins&quot;,&quot;type&quot;:&quot;RAYON&quot;,&quot;level&quot;:2,&quot;sellerId&quot;:null},{&quot;id&quot;:&quot;27105&quot;,&quot;code&quot;:&quot;R10F02SF01&quot;,&quot;slug&quot;:&quot;vins-rouges&quot;,&quot;label&quot;:&quot;Vins rouges&quot;,&quot;uri&quot;:&quot;boissons\/cave-a-vins\/vins-rouges&quot;,&quot;type&quot;:&quot;RAYON&quot;,&quot;level&quot;:3,&quot;sellerId&quot;:null},{&quot;id&quot;:&quot;27143&quot;,&quot;code&quot;:&quot;R10F02SF01SS03&quot;,&quot;slug&quot;:&quot;languedoc-roussillon&quot;,&quot;label&quot;:&quot;Languedoc-Roussillon&quot;,&quot;uri&quot;:&quot;boissons\/cave-a-vins\/vins-rouges\/languedoc-roussillon&quot;,&quot;type&quot;:&quot;RAYON&quot;,&quot;level&quot;:4,&quot;sellerId&quot;:null}],&quot;topCategoryName&quot;:&quot;Boissons&quot;,&quot;images&quot;:[{&quot;largest&quot;:&quot;\/media\/1500x1500\/Photosite\/PGC\/BOISSONS\/3245414134980_PHOTOSITE_20180320_162739_0.jpg?placeholder=1&quot;,&quot;1500x1500&quot;:&quot;\/media\/1500x1500\/Photosite\/PGC\/BOISSONS\/3245414134980_PHOTOSITE_20180320_162739_0.jpg?placeholder=1&quot;,&quot;540x540&quot;:&quot;\/media\/540x540\/Photosite\/PGC\/BOISSONS\/3245414134980_PHOTOSITE_20180320_162739_0.jpg?placeholder=1&quot;,&quot;380x380&quot;:&quot;\/media\/380x380\/Photosite\/PGC\/BOISSONS\/3245414134980_PHOTOSITE_20180320_162739_0.jpg?placeholder=1&quot;,&quot;340x340&quot;:&quot;\/media\/340x340\/Photosite\/PGC\/BOISSONS\/3245414134980_PHOTOSITE_20180320_162739_0.jpg?placeholder=1&quot;,&quot;340x240&quot;:&quot;\/media\/340x240\/Photosite\/PGC\/BOISSONS\/3245414134980_PHOTOSITE_20180320_162739_0.jpg?placeholder=1&quot;,&quot;280x280&quot;:&quot;\/media\/280x280\/Photosite\/PGC\/BOISSONS\/3245414134980_PHOTOSITE_20180320_162739_0.jpg?placeholder=1&quot;,&quot;195x195&quot;:&quot;\/media\/195x195\/Photosite\/PGC\/BOISSONS\/3245414134980_PHOTOSITE_20180320_162739_0.jpg?placeholder=1&quot;,&quot;150x150&quot;:&quot;\/media\/150x150\/Photosite\/PGC\/BOISSONS\/3245414134980_PHOTOSITE_20180320_162739_0.jpg?placeholder=1&quot;,&quot;43x43&quot;:&quot;\/media\/43x43\/Photosite\/PGC\/BOISSONS\/3245414134980_PHOTOSITE_20180320_162739_0.jpg?placeholder=1&quot;},{&quot;largest&quot;:&quot;\/media\/1500x1500\/Photosite\/PGC\/BOISSONS\/3245414134980_PHOTOSITE_20180320_162739_7.jpg?placeholder=1&quot;,&quot;1500x1500&quot;:&quot;\/media\/1500x1500\/Photosite\/PGC\/BOISSONS\/3245414134980_PHOTOSITE_20180320_162739_7.jpg?placeholder=1&quot;,&quot;540x540&quot;:&quot;\/media\/540x540\/Photosite\/PGC\/BOISSONS\/3245414134980_PHOTOSITE_20180320_162739_7.jpg?placeholder=1&quot;,&quot;380x380&quot;:&quot;\/media\/380x380\/Photosite\/PGC\/BOISSONS\/3245414134980_PHOTOSITE_20180320_162739_7.jpg?placeholder=1&quot;,&quot;340x340&quot;:&quot;\/media\/340x340\/Photosite\/PGC\/BOISSONS\/3245414134980_PHOTOSITE_20180320_162739_7.jpg?placeholder=1&quot;,&quot;340x240&quot;:&quot;\/media\/340x240\/Photosite\/PGC\/BOISSONS\/3245414134980_PHOTOSITE_20180320_162739_7.jpg?placeholder=1&quot;,&quot;280x280&quot;:&quot;\/media\/280x280\/Photosite\/PGC\/BOISSONS\/3245414134980_PHOTOSITE_20180320_162739_7.jpg?placeholder=1&quot;,&quot;195x195&quot;:&quot;\/media\/195x195\/Photosite\/PGC\/BOISSONS\/3245414134980_PHOTOSITE_20180320_162739_7.jpg?placeholder=1&quot;,&quot;150x150&quot;:&quot;\/media\/150x150\/Photosite\/PGC\/BOISSONS\/3245414134980_PHOTOSITE_20180320_162739_7.jpg?placeholder=1&quot;,&quot;43x43&quot;:&quot;\/media\/43x43\/Photosite\/PGC\/BOISSONS\/3245414134980_PHOTOSITE_20180320_162739_7.jpg?placeholder=1&quot;}],&quot;promotion&quot;:null,&quot;isDonation&quot;:false,&quot;highlightLabel&quot;:null,&quot;seller&quot;:null,&quot;sellerId&quot;:null,&quot;marketplace&quot;:null,&quot;freshness&quot;:null,&quot;traceability&quot;:null,&quot;flags&quot;:[],&quot;clubs&quot;:[],&quot;packaging&quot;:&quot;la bouteille de 75cL&quot;,&quot;origin&quot;:&quot;&quot;,&quot;format&quot;:&quot;75cL&quot;},&quot;relationships&quot;:{&quot;substitution&quot;:null},&quot;meta&quot;:{&quot;recommendation&quot;:null,&quot;cta&quot;:&quot;buy&quot;,&quot;features&quot;:{&quot;shoppingList&quot;:true,&quot;deletable&quot;:false,&quot;swap&quot;:false,&quot;feedback&quot;:false,&quot;freshness&quot;:true}},&quot;links&quot;:{&quot;self&quot;:&quot;\/p\/vin-rouge-fitou-cave-augustin-florent-3245414134980?t=27074&quot;}}"
  layout="vertical"
  :render-context="{&quot;zone&quot;:&quot;product-list&quot;,&quot;clickAndCollectEnable&quot;:true}"
  >
  <article class="ds-product-card ds-product-card--vertical">
  <div>
              <div class="ds-product-card--vertical-icons">
                <div
  class="add-to-shoppinglist"
  ean="3245414134980"
  is="add-to-shoppinglist"
></div>
      
        
      </div>
        <div class="ds-product-card--vertical-highlightlabel">
      
    </div>
    <div class="ds-product-card--vertical-infos">
      <div class="ds-product-card--vertical-text">
                
<a
  href="/p/vin-rouge-fitou-cave-augustin-florent-3245414134980?t=27074"
  title="Vin rouge Fitou  CAVE AUGUSTIN FLORENT "
  rel=""
  target=""
  class="product-card-title product-card-title__reduced-line-clamp"
>
  

      

<h2 class="ds-title ds-title--s ds-title--medium">
  Vin rouge Fitou  CAVE AUGUSTIN FLORENT 
</h2>
</a>
      
                

    

<div class="ds-body-text ds-body-text--size-s ds-body-text--color-standard-3 product-card-packaging">
      la bouteille de 75cL
  </div>
      
                

    

<div class="ds-body-text ds-body-text--size-s ds-body-text--color-standard-3 product-card-per-unit-label">
      5.47 € / Litre
  </div>
      
      </div>
      <div class="ds-product-card--vertical-image">
                
<a
  href="/p/vin-rouge-fitou-cave-augustin-florent-3245414134980?t=27074"
  title="Vin rouge Fitou  CAVE AUGUSTIN FLORENT "
  rel=""
  target=""
  class="product-card-image"
>
  <img
      src="/images/loader-dots.svg"        data-src="/media/280x280/Photosite/PGC/BOISSONS/3245414134980_PHOTOSITE_20180320_162739_0.jpg?placeholder=1"        alt="Vin rouge Fitou  CAVE AUGUSTIN FLORENT "
  class="image image--hidden image--lazy product-card-image__image"
/>
</a>
      
      </div>
    </div>
        
    
  </div>
  <div>
    <div class="ds-product-card--vertical-promotion">
      
    </div>
    <div class="ds-product-card--vertical-flex">
              
    

    


<div class="product-card-price">
  <div class="product-card-price__price">
    

    

<span class="ds-title ds-title--m product-card-price__price--final">
  4,10€
</span>

      </div>
</div>
      
      <div class="ds-product-card--vertical-cta">
                  
<form
  is="add-to-cart"
  id="data-produit-acheter"
  class="add-to-cart"
  :product="{&quot;type&quot;:&quot;product&quot;,&quot;id&quot;:&quot;product-3245414134980&quot;,&quot;attributes&quot;:{&quot;ean&quot;:&quot;3245414134980&quot;,&quot;cdbase&quot;:&quot;3490624&quot;,&quot;title&quot;:&quot;Vin rouge Fitou  CAVE AUGUSTIN FLORENT &quot;,&quot;brand&quot;:&quot;CAVE AUGUSTIN FLOREN&quot;,&quot;slug&quot;:&quot;vin-rouge-fitou-cave-augustin-florent&quot;,&quot;availability&quot;:{&quot;indispensable&quot;:false,&quot;purchasable&quot;:true,&quot;stopped&quot;:false,&quot;suspended&quot;:false,&quot;suspensionReason&quot;:null,&quot;checkable&quot;:false,&quot;currentStoreOffer&quot;:null},&quot;price&quot;:{&quot;price&quot;:4.0999999999999996,&quot;unitOfMeasure&quot;:&quot;Litre&quot;,&quot;perUnitLabel&quot;:&quot;5.47 \u20ac \/ Litre&quot;,&quot;taxMessage&quot;:&quot;&quot;,&quot;perUnit&quot;:5.4699999999999998},&quot;ordering&quot;:{&quot;min&quot;:1,&quot;step&quot;:1,&quot;max&quot;:36},&quot;offerServiceId&quot;:&quot;0261-150-6&quot;,&quot;uri&quot;:&quot;boissons\/cave-a-vins\/vins-rouges\/languedoc-roussillon&quot;,&quot;categories&quot;:[{&quot;id&quot;:&quot;27070&quot;,&quot;code&quot;:&quot;R10&quot;,&quot;slug&quot;:&quot;boissons&quot;,&quot;label&quot;:&quot;Boissons&quot;,&quot;uri&quot;:&quot;boissons&quot;,&quot;type&quot;:&quot;RAYON&quot;,&quot;level&quot;:1,&quot;sellerId&quot;:null},{&quot;id&quot;:&quot;27074&quot;,&quot;code&quot;:&quot;R10F02&quot;,&quot;slug&quot;:&quot;cave-a-vins&quot;,&quot;label&quot;:&quot;Cave \u00e0 vins&quot;,&quot;uri&quot;:&quot;boissons\/cave-a-vins&quot;,&quot;type&quot;:&quot;RAYON&quot;,&quot;level&quot;:2,&quot;sellerId&quot;:null},{&quot;id&quot;:&quot;27105&quot;,&quot;code&quot;:&quot;R10F02SF01&quot;,&quot;slug&quot;:&quot;vins-rouges&quot;,&quot;label&quot;:&quot;Vins rouges&quot;,&quot;uri&quot;:&quot;boissons\/cave-a-vins\/vins-rouges&quot;,&quot;type&quot;:&quot;RAYON&quot;,&quot;level&quot;:3,&quot;sellerId&quot;:null},{&quot;id&quot;:&quot;27143&quot;,&quot;code&quot;:&quot;R10F02SF01SS03&quot;,&quot;slug&quot;:&quot;languedoc-roussillon&quot;,&quot;label&quot;:&quot;Languedoc-Roussillon&quot;,&quot;uri&quot;:&quot;boissons\/cave-a-vins\/vins-rouges\/languedoc-roussillon&quot;,&quot;type&quot;:&quot;RAYON&quot;,&quot;level&quot;:4,&quot;sellerId&quot;:null}],&quot;topCategoryName&quot;:&quot;Boissons&quot;,&quot;images&quot;:[{&quot;largest&quot;:&quot;\/media\/1500x1500\/Photosite\/PGC\/BOISSONS\/3245414134980_PHOTOSITE_20180320_162739_0.jpg?placeholder=1&quot;,&quot;1500x1500&quot;:&quot;\/media\/1500x1500\/Photosite\/PGC\/BOISSONS\/3245414134980_PHOTOSITE_20180320_162739_0.jpg?placeholder=1&quot;,&quot;540x540&quot;:&quot;\/media\/540x540\/Photosite\/PGC\/BOISSONS\/3245414134980_PHOTOSITE_20180320_162739_0.jpg?placeholder=1&quot;,&quot;380x380&quot;:&quot;\/media\/380x380\/Photosite\/PGC\/BOISSONS\/3245414134980_PHOTOSITE_20180320_162739_0.jpg?placeholder=1&quot;,&quot;340x340&quot;:&quot;\/media\/340x340\/Photosite\/PGC\/BOISSONS\/3245414134980_PHOTOSITE_20180320_162739_0.jpg?placeholder=1&quot;,&quot;340x240&quot;:&quot;\/media\/340x240\/Photosite\/PGC\/BOISSONS\/3245414134980_PHOTOSITE_20180320_162739_0.jpg?placeholder=1&quot;,&quot;280x280&quot;:&quot;\/media\/280x280\/Photosite\/PGC\/BOISSONS\/3245414134980_PHOTOSITE_20180320_162739_0.jpg?placeholder=1&quot;,&quot;195x195&quot;:&quot;\/media\/195x195\/Photosite\/PGC\/BOISSONS\/3245414134980_PHOTOSITE_20180320_162739_0.jpg?placeholder=1&quot;,&quot;150x150&quot;:&quot;\/media\/150x150\/Photosite\/PGC\/BOISSONS\/3245414134980_PHOTOSITE_20180320_162739_0.jpg?placeholder=1&quot;,&quot;43x43&quot;:&quot;\/media\/43x43\/Photosite\/PGC\/BOISSONS\/3245414134980_PHOTOSITE_20180320_162739_0.jpg?placeholder=1&quot;},{&quot;largest&quot;:&quot;\/media\/1500x1500\/Photosite\/PGC\/BOISSONS\/3245414134980_PHOTOSITE_20180320_162739_7.jpg?placeholder=1&quot;,&quot;1500x1500&quot;:&quot;\/media\/1500x1500\/Photosite\/PGC\/BOISSONS\/3245414134980_PHOTOSITE_20180320_162739_7.jpg?placeholder=1&quot;,&quot;540x540&quot;:&quot;\/media\/540x540\/Photosite\/PGC\/BOISSONS\/3245414134980_PHOTOSITE_20180320_162739_7.jpg?placeholder=1&quot;,&quot;380x380&quot;:&quot;\/media\/380x380\/Photosite\/PGC\/BOISSONS\/3245414134980_PHOTOSITE_20180320_162739_7.jpg?placeholder=1&quot;,&quot;340x340&quot;:&quot;\/media\/340x340\/Photosite\/PGC\/BOISSONS\/3245414134980_PHOTOSITE_20180320_162739_7.jpg?placeholder=1&quot;,&quot;340x240&quot;:&quot;\/media\/340x240\/Photosite\/PGC\/BOISSONS\/3245414134980_PHOTOSITE_20180320_162739_7.jpg?placeholder=1&quot;,&quot;280x280&quot;:&quot;\/media\/280x280\/Photosite\/PGC\/BOISSONS\/3245414134980_PHOTOSITE_20180320_162739_7.jpg?placeholder=1&quot;,&quot;195x195&quot;:&quot;\/media\/195x195\/Photosite\/PGC\/BOISSONS\/3245414134980_PHOTOSITE_20180320_162739_7.jpg?placeholder=1&quot;,&quot;150x150&quot;:&quot;\/media\/150x150\/Photosite\/PGC\/BOISSONS\/3245414134980_PHOTOSITE_20180320_162739_7.jpg?placeholder=1&quot;,&quot;43x43&quot;:&quot;\/media\/43x43\/Photosite\/PGC\/BOISSONS\/3245414134980_PHOTOSITE_20180320_162739_7.jpg?placeholder=1&quot;}],&quot;promotion&quot;:null,&quot;isDonation&quot;:false,&quot;highlightLabel&quot;:null,&quot;seller&quot;:null,&quot;sellerId&quot;:null,&quot;marketplace&quot;:null,&quot;freshness&quot;:null,&quot;traceability&quot;:null,&quot;flags&quot;:[],&quot;clubs&quot;:[],&quot;packaging&quot;:&quot;la bouteille de 75cL&quot;,&quot;origin&quot;:&quot;&quot;,&quot;format&quot;:&quot;75cL&quot;},&quot;relationships&quot;:{&quot;substitution&quot;:null},&quot;meta&quot;:{&quot;recommendation&quot;:null,&quot;cta&quot;:&quot;buy&quot;,&quot;features&quot;:{&quot;shoppingList&quot;:true,&quot;deletable&quot;:false,&quot;swap&quot;:false,&quot;feedback&quot;:false,&quot;freshness&quot;:true}},&quot;links&quot;:{&quot;self&quot;:&quot;\/p\/vin-rouge-fitou-cave-augustin-florent-3245414134980?t=27074&quot;}}"
  is-click-and-collect=""
  offer-service-id="0261-150-6"
  basket-service-id=""
  :render-context="{&quot;zone&quot;:&quot;product-list&quot;,&quot;clickAndCollectEnable&quot;:true}" >
  

<button
  class="pl-button pl-button--primary"
        
>
      <span class="pl-button__label">
                    </span>
  </button>
</form>

      
      </div>
    </div>
      </div>
</article>
</div>

                    </li>
            
                <li class="product-grid-item " >
    
                        


<div
  is="ds-product-card"
  class="ds-product-card__twigwrap"
  :index="39"
  :product="{&quot;type&quot;:&quot;product&quot;,&quot;id&quot;:&quot;product-3249389004002&quot;,&quot;attributes&quot;:{&quot;ean&quot;:&quot;3249389004002&quot;,&quot;cdbase&quot;:&quot;621215&quot;,&quot;title&quot;:&quot;Vin ros\u00e9 sans alcool BONNE NOUVELLE&quot;,&quot;brand&quot;:null,&quot;slug&quot;:&quot;vin-rose-sans-alcool-bonne-nouvelle&quot;,&quot;availability&quot;:{&quot;indispensable&quot;:false,&quot;purchasable&quot;:true,&quot;stopped&quot;:false,&quot;suspended&quot;:false,&quot;suspensionReason&quot;:null,&quot;checkable&quot;:false,&quot;currentStoreOffer&quot;:null},&quot;price&quot;:{&quot;price&quot;:2.8999999999999999,&quot;unitOfMeasure&quot;:&quot;Litre&quot;,&quot;perUnitLabel&quot;:&quot;3.87 \u20ac \/ Litre&quot;,&quot;taxMessage&quot;:&quot;&quot;,&quot;perUnit&quot;:3.8700000000000001},&quot;ordering&quot;:{&quot;min&quot;:1,&quot;step&quot;:1,&quot;max&quot;:36},&quot;offerServiceId&quot;:&quot;0261-150-6&quot;,&quot;uri&quot;:&quot;boissons\/cave-a-vins\/vins-roses\/vins-de-pays-vins-de-table-rose&quot;,&quot;categories&quot;:[{&quot;id&quot;:&quot;27070&quot;,&quot;code&quot;:&quot;R10&quot;,&quot;slug&quot;:&quot;boissons&quot;,&quot;label&quot;:&quot;Boissons&quot;,&quot;uri&quot;:&quot;boissons&quot;,&quot;type&quot;:&quot;RAYON&quot;,&quot;level&quot;:1,&quot;sellerId&quot;:null},{&quot;id&quot;:&quot;27074&quot;,&quot;code&quot;:&quot;R10F02&quot;,&quot;slug&quot;:&quot;cave-a-vins&quot;,&quot;label&quot;:&quot;Cave \u00e0 vins&quot;,&quot;uri&quot;:&quot;boissons\/cave-a-vins&quot;,&quot;type&quot;:&quot;RAYON&quot;,&quot;level&quot;:2,&quot;sellerId&quot;:null},{&quot;id&quot;:&quot;27107&quot;,&quot;code&quot;:&quot;R10F02SF03&quot;,&quot;slug&quot;:&quot;vins-roses&quot;,&quot;label&quot;:&quot;Vins ros\u00e9s&quot;,&quot;uri&quot;:&quot;boissons\/cave-a-vins\/vins-roses&quot;,&quot;type&quot;:&quot;RAYON&quot;,&quot;level&quot;:3,&quot;sellerId&quot;:null},{&quot;id&quot;:&quot;27165&quot;,&quot;code&quot;:&quot;R10F02SF03SS06&quot;,&quot;slug&quot;:&quot;vins-de-pays-vins-de-table-rose&quot;,&quot;label&quot;:&quot;Vins de pays et Vins de table ros\u00e9&quot;,&quot;uri&quot;:&quot;boissons\/cave-a-vins\/vins-roses\/vins-de-pays-vins-de-table-rose&quot;,&quot;type&quot;:&quot;RAYON&quot;,&quot;level&quot;:4,&quot;sellerId&quot;:null}],&quot;topCategoryName&quot;:&quot;Boissons&quot;,&quot;images&quot;:[{&quot;largest&quot;:&quot;\/media\/1500x1500\/Photosite\/PGC\/BOISSONS\/3249389004002_PHOTOSITE_20161217_080946_0.jpg?placeholder=1&quot;,&quot;1500x1500&quot;:&quot;\/media\/1500x1500\/Photosite\/PGC\/BOISSONS\/3249389004002_PHOTOSITE_20161217_080946_0.jpg?placeholder=1&quot;,&quot;540x540&quot;:&quot;\/media\/540x540\/Photosite\/PGC\/BOISSONS\/3249389004002_PHOTOSITE_20161217_080946_0.jpg?placeholder=1&quot;,&quot;380x380&quot;:&quot;\/media\/380x380\/Photosite\/PGC\/BOISSONS\/3249389004002_PHOTOSITE_20161217_080946_0.jpg?placeholder=1&quot;,&quot;340x340&quot;:&quot;\/media\/340x340\/Photosite\/PGC\/BOISSONS\/3249389004002_PHOTOSITE_20161217_080946_0.jpg?placeholder=1&quot;,&quot;340x240&quot;:&quot;\/media\/340x240\/Photosite\/PGC\/BOISSONS\/3249389004002_PHOTOSITE_20161217_080946_0.jpg?placeholder=1&quot;,&quot;280x280&quot;:&quot;\/media\/280x280\/Photosite\/PGC\/BOISSONS\/3249389004002_PHOTOSITE_20161217_080946_0.jpg?placeholder=1&quot;,&quot;195x195&quot;:&quot;\/media\/195x195\/Photosite\/PGC\/BOISSONS\/3249389004002_PHOTOSITE_20161217_080946_0.jpg?placeholder=1&quot;,&quot;150x150&quot;:&quot;\/media\/150x150\/Photosite\/PGC\/BOISSONS\/3249389004002_PHOTOSITE_20161217_080946_0.jpg?placeholder=1&quot;,&quot;43x43&quot;:&quot;\/media\/43x43\/Photosite\/PGC\/BOISSONS\/3249389004002_PHOTOSITE_20161217_080946_0.jpg?placeholder=1&quot;},{&quot;largest&quot;:&quot;\/media\/1500x1500\/Photosite\/PGC\/BOISSONS\/3249389004002_PHOTOSITE_20161217_080946_7.jpg?placeholder=1&quot;,&quot;1500x1500&quot;:&quot;\/media\/1500x1500\/Photosite\/PGC\/BOISSONS\/3249389004002_PHOTOSITE_20161217_080946_7.jpg?placeholder=1&quot;,&quot;540x540&quot;:&quot;\/media\/540x540\/Photosite\/PGC\/BOISSONS\/3249389004002_PHOTOSITE_20161217_080946_7.jpg?placeholder=1&quot;,&quot;380x380&quot;:&quot;\/media\/380x380\/Photosite\/PGC\/BOISSONS\/3249389004002_PHOTOSITE_20161217_080946_7.jpg?placeholder=1&quot;,&quot;340x340&quot;:&quot;\/media\/340x340\/Photosite\/PGC\/BOISSONS\/3249389004002_PHOTOSITE_20161217_080946_7.jpg?placeholder=1&quot;,&quot;340x240&quot;:&quot;\/media\/340x240\/Photosite\/PGC\/BOISSONS\/3249389004002_PHOTOSITE_20161217_080946_7.jpg?placeholder=1&quot;,&quot;280x280&quot;:&quot;\/media\/280x280\/Photosite\/PGC\/BOISSONS\/3249389004002_PHOTOSITE_20161217_080946_7.jpg?placeholder=1&quot;,&quot;195x195&quot;:&quot;\/media\/195x195\/Photosite\/PGC\/BOISSONS\/3249389004002_PHOTOSITE_20161217_080946_7.jpg?placeholder=1&quot;,&quot;150x150&quot;:&quot;\/media\/150x150\/Photosite\/PGC\/BOISSONS\/3249389004002_PHOTOSITE_20161217_080946_7.jpg?placeholder=1&quot;,&quot;43x43&quot;:&quot;\/media\/43x43\/Photosite\/PGC\/BOISSONS\/3249389004002_PHOTOSITE_20161217_080946_7.jpg?placeholder=1&quot;}],&quot;promotion&quot;:null,&quot;isDonation&quot;:false,&quot;highlightLabel&quot;:null,&quot;seller&quot;:null,&quot;sellerId&quot;:null,&quot;marketplace&quot;:null,&quot;freshness&quot;:null,&quot;traceability&quot;:null,&quot;flags&quot;:[],&quot;clubs&quot;:[],&quot;packaging&quot;:&quot;la bouteille de 75cL&quot;,&quot;origin&quot;:&quot;&quot;,&quot;format&quot;:&quot;75cL&quot;},&quot;relationships&quot;:{&quot;substitution&quot;:null},&quot;meta&quot;:{&quot;recommendation&quot;:null,&quot;cta&quot;:&quot;buy&quot;,&quot;features&quot;:{&quot;shoppingList&quot;:true,&quot;deletable&quot;:false,&quot;swap&quot;:false,&quot;feedback&quot;:false,&quot;freshness&quot;:true}},&quot;links&quot;:{&quot;self&quot;:&quot;\/p\/vin-rose-sans-alcool-bonne-nouvelle-3249389004002?t=27074&quot;}}"
  layout="vertical"
  :render-context="{&quot;zone&quot;:&quot;product-list&quot;,&quot;clickAndCollectEnable&quot;:true}"
  >
  <article class="ds-product-card ds-product-card--vertical">
  <div>
              <div class="ds-product-card--vertical-icons">
                <div
  class="add-to-shoppinglist"
  ean="3249389004002"
  is="add-to-shoppinglist"
></div>
      
        
      </div>
        <div class="ds-product-card--vertical-highlightlabel">
      
    </div>
    <div class="ds-product-card--vertical-infos">
      <div class="ds-product-card--vertical-text">
                
<a
  href="/p/vin-rose-sans-alcool-bonne-nouvelle-3249389004002?t=27074"
  title="Vin rosé sans alcool BONNE NOUVELLE"
  rel=""
  target=""
  class="product-card-title product-card-title__reduced-line-clamp"
>
  

      

<h2 class="ds-title ds-title--s ds-title--medium">
  Vin rosé sans alcool BONNE NOUVELLE
</h2>
</a>
      
                

    

<div class="ds-body-text ds-body-text--size-s ds-body-text--color-standard-3 product-card-packaging">
      la bouteille de 75cL
  </div>
      
                

    

<div class="ds-body-text ds-body-text--size-s ds-body-text--color-standard-3 product-card-per-unit-label">
      3.87 € / Litre
  </div>
      
      </div>
      <div class="ds-product-card--vertical-image">
                
<a
  href="/p/vin-rose-sans-alcool-bonne-nouvelle-3249389004002?t=27074"
  title="Vin rosé sans alcool BONNE NOUVELLE"
  rel=""
  target=""
  class="product-card-image"
>
  <img
      src="/images/loader-dots.svg"        data-src="/media/280x280/Photosite/PGC/BOISSONS/3249389004002_PHOTOSITE_20161217_080946_0.jpg?placeholder=1"        alt="Vin rosé sans alcool BONNE NOUVELLE"
  class="image image--hidden image--lazy product-card-image__image"
/>
</a>
      
      </div>
    </div>
        
    
  </div>
  <div>
    <div class="ds-product-card--vertical-promotion">
      
    </div>
    <div class="ds-product-card--vertical-flex">
              
    

    


<div class="product-card-price">
  <div class="product-card-price__price">
    

    

<span class="ds-title ds-title--m product-card-price__price--final">
  2,90€
</span>

      </div>
</div>
      
      <div class="ds-product-card--vertical-cta">
                  
<form
  is="add-to-cart"
  id="data-produit-acheter"
  class="add-to-cart"
  :product="{&quot;type&quot;:&quot;product&quot;,&quot;id&quot;:&quot;product-3249389004002&quot;,&quot;attributes&quot;:{&quot;ean&quot;:&quot;3249389004002&quot;,&quot;cdbase&quot;:&quot;621215&quot;,&quot;title&quot;:&quot;Vin ros\u00e9 sans alcool BONNE NOUVELLE&quot;,&quot;brand&quot;:null,&quot;slug&quot;:&quot;vin-rose-sans-alcool-bonne-nouvelle&quot;,&quot;availability&quot;:{&quot;indispensable&quot;:false,&quot;purchasable&quot;:true,&quot;stopped&quot;:false,&quot;suspended&quot;:false,&quot;suspensionReason&quot;:null,&quot;checkable&quot;:false,&quot;currentStoreOffer&quot;:null},&quot;price&quot;:{&quot;price&quot;:2.8999999999999999,&quot;unitOfMeasure&quot;:&quot;Litre&quot;,&quot;perUnitLabel&quot;:&quot;3.87 \u20ac \/ Litre&quot;,&quot;taxMessage&quot;:&quot;&quot;,&quot;perUnit&quot;:3.8700000000000001},&quot;ordering&quot;:{&quot;min&quot;:1,&quot;step&quot;:1,&quot;max&quot;:36},&quot;offerServiceId&quot;:&quot;0261-150-6&quot;,&quot;uri&quot;:&quot;boissons\/cave-a-vins\/vins-roses\/vins-de-pays-vins-de-table-rose&quot;,&quot;categories&quot;:[{&quot;id&quot;:&quot;27070&quot;,&quot;code&quot;:&quot;R10&quot;,&quot;slug&quot;:&quot;boissons&quot;,&quot;label&quot;:&quot;Boissons&quot;,&quot;uri&quot;:&quot;boissons&quot;,&quot;type&quot;:&quot;RAYON&quot;,&quot;level&quot;:1,&quot;sellerId&quot;:null},{&quot;id&quot;:&quot;27074&quot;,&quot;code&quot;:&quot;R10F02&quot;,&quot;slug&quot;:&quot;cave-a-vins&quot;,&quot;label&quot;:&quot;Cave \u00e0 vins&quot;,&quot;uri&quot;:&quot;boissons\/cave-a-vins&quot;,&quot;type&quot;:&quot;RAYON&quot;,&quot;level&quot;:2,&quot;sellerId&quot;:null},{&quot;id&quot;:&quot;27107&quot;,&quot;code&quot;:&quot;R10F02SF03&quot;,&quot;slug&quot;:&quot;vins-roses&quot;,&quot;label&quot;:&quot;Vins ros\u00e9s&quot;,&quot;uri&quot;:&quot;boissons\/cave-a-vins\/vins-roses&quot;,&quot;type&quot;:&quot;RAYON&quot;,&quot;level&quot;:3,&quot;sellerId&quot;:null},{&quot;id&quot;:&quot;27165&quot;,&quot;code&quot;:&quot;R10F02SF03SS06&quot;,&quot;slug&quot;:&quot;vins-de-pays-vins-de-table-rose&quot;,&quot;label&quot;:&quot;Vins de pays et Vins de table ros\u00e9&quot;,&quot;uri&quot;:&quot;boissons\/cave-a-vins\/vins-roses\/vins-de-pays-vins-de-table-rose&quot;,&quot;type&quot;:&quot;RAYON&quot;,&quot;level&quot;:4,&quot;sellerId&quot;:null}],&quot;topCategoryName&quot;:&quot;Boissons&quot;,&quot;images&quot;:[{&quot;largest&quot;:&quot;\/media\/1500x1500\/Photosite\/PGC\/BOISSONS\/3249389004002_PHOTOSITE_20161217_080946_0.jpg?placeholder=1&quot;,&quot;1500x1500&quot;:&quot;\/media\/1500x1500\/Photosite\/PGC\/BOISSONS\/3249389004002_PHOTOSITE_20161217_080946_0.jpg?placeholder=1&quot;,&quot;540x540&quot;:&quot;\/media\/540x540\/Photosite\/PGC\/BOISSONS\/3249389004002_PHOTOSITE_20161217_080946_0.jpg?placeholder=1&quot;,&quot;380x380&quot;:&quot;\/media\/380x380\/Photosite\/PGC\/BOISSONS\/3249389004002_PHOTOSITE_20161217_080946_0.jpg?placeholder=1&quot;,&quot;340x340&quot;:&quot;\/media\/340x340\/Photosite\/PGC\/BOISSONS\/3249389004002_PHOTOSITE_20161217_080946_0.jpg?placeholder=1&quot;,&quot;340x240&quot;:&quot;\/media\/340x240\/Photosite\/PGC\/BOISSONS\/3249389004002_PHOTOSITE_20161217_080946_0.jpg?placeholder=1&quot;,&quot;280x280&quot;:&quot;\/media\/280x280\/Photosite\/PGC\/BOISSONS\/3249389004002_PHOTOSITE_20161217_080946_0.jpg?placeholder=1&quot;,&quot;195x195&quot;:&quot;\/media\/195x195\/Photosite\/PGC\/BOISSONS\/3249389004002_PHOTOSITE_20161217_080946_0.jpg?placeholder=1&quot;,&quot;150x150&quot;:&quot;\/media\/150x150\/Photosite\/PGC\/BOISSONS\/3249389004002_PHOTOSITE_20161217_080946_0.jpg?placeholder=1&quot;,&quot;43x43&quot;:&quot;\/media\/43x43\/Photosite\/PGC\/BOISSONS\/3249389004002_PHOTOSITE_20161217_080946_0.jpg?placeholder=1&quot;},{&quot;largest&quot;:&quot;\/media\/1500x1500\/Photosite\/PGC\/BOISSONS\/3249389004002_PHOTOSITE_20161217_080946_7.jpg?placeholder=1&quot;,&quot;1500x1500&quot;:&quot;\/media\/1500x1500\/Photosite\/PGC\/BOISSONS\/3249389004002_PHOTOSITE_20161217_080946_7.jpg?placeholder=1&quot;,&quot;540x540&quot;:&quot;\/media\/540x540\/Photosite\/PGC\/BOISSONS\/3249389004002_PHOTOSITE_20161217_080946_7.jpg?placeholder=1&quot;,&quot;380x380&quot;:&quot;\/media\/380x380\/Photosite\/PGC\/BOISSONS\/3249389004002_PHOTOSITE_20161217_080946_7.jpg?placeholder=1&quot;,&quot;340x340&quot;:&quot;\/media\/340x340\/Photosite\/PGC\/BOISSONS\/3249389004002_PHOTOSITE_20161217_080946_7.jpg?placeholder=1&quot;,&quot;340x240&quot;:&quot;\/media\/340x240\/Photosite\/PGC\/BOISSONS\/3249389004002_PHOTOSITE_20161217_080946_7.jpg?placeholder=1&quot;,&quot;280x280&quot;:&quot;\/media\/280x280\/Photosite\/PGC\/BOISSONS\/3249389004002_PHOTOSITE_20161217_080946_7.jpg?placeholder=1&quot;,&quot;195x195&quot;:&quot;\/media\/195x195\/Photosite\/PGC\/BOISSONS\/3249389004002_PHOTOSITE_20161217_080946_7.jpg?placeholder=1&quot;,&quot;150x150&quot;:&quot;\/media\/150x150\/Photosite\/PGC\/BOISSONS\/3249389004002_PHOTOSITE_20161217_080946_7.jpg?placeholder=1&quot;,&quot;43x43&quot;:&quot;\/media\/43x43\/Photosite\/PGC\/BOISSONS\/3249389004002_PHOTOSITE_20161217_080946_7.jpg?placeholder=1&quot;}],&quot;promotion&quot;:null,&quot;isDonation&quot;:false,&quot;highlightLabel&quot;:null,&quot;seller&quot;:null,&quot;sellerId&quot;:null,&quot;marketplace&quot;:null,&quot;freshness&quot;:null,&quot;traceability&quot;:null,&quot;flags&quot;:[],&quot;clubs&quot;:[],&quot;packaging&quot;:&quot;la bouteille de 75cL&quot;,&quot;origin&quot;:&quot;&quot;,&quot;format&quot;:&quot;75cL&quot;},&quot;relationships&quot;:{&quot;substitution&quot;:null},&quot;meta&quot;:{&quot;recommendation&quot;:null,&quot;cta&quot;:&quot;buy&quot;,&quot;features&quot;:{&quot;shoppingList&quot;:true,&quot;deletable&quot;:false,&quot;swap&quot;:false,&quot;feedback&quot;:false,&quot;freshness&quot;:true}},&quot;links&quot;:{&quot;self&quot;:&quot;\/p\/vin-rose-sans-alcool-bonne-nouvelle-3249389004002?t=27074&quot;}}"
  is-click-and-collect=""
  offer-service-id="0261-150-6"
  basket-service-id=""
  :render-context="{&quot;zone&quot;:&quot;product-list&quot;,&quot;clickAndCollectEnable&quot;:true}" >
  

<button
  class="pl-button pl-button--primary"
        
>
      <span class="pl-button__label">
                    </span>
  </button>
</form>

      
      </div>
    </div>
      </div>
</article>
</div>

                    </li>
            
                <li class="product-grid-item " >
    
                        


<div
  is="ds-product-card"
  class="ds-product-card__twigwrap"
  :index="40"
  :product="{&quot;type&quot;:&quot;product&quot;,&quot;id&quot;:&quot;product-3700689906552&quot;,&quot;attributes&quot;:{&quot;ean&quot;:&quot;3700689906552&quot;,&quot;cdbase&quot;:&quot;6506692&quot;,&quot;title&quot;:&quot;Vin Rouge Vall\u00e9e du Rh\u00f4ne C\u00f4tes du Rh\u00f4ne Grenache Noir -  Syrah - Carignan Bio DAUVERGNE RANVIER \&quot;VIN GOURMAND\&quot;&quot;,&quot;brand&quot;:&quot;REFS.SANS MARQUE&quot;,&quot;slug&quot;:&quot;vin-rouge-vallee-du-rhone-cotes-du-rhone-grenache-noir-syrah-carignan-bio-dauvergne-ranvier-vin-gour&quot;,&quot;availability&quot;:{&quot;indispensable&quot;:false,&quot;purchasable&quot;:true,&quot;stopped&quot;:false,&quot;suspended&quot;:false,&quot;suspensionReason&quot;:null,&quot;checkable&quot;:false,&quot;currentStoreOffer&quot;:null},&quot;price&quot;:{&quot;price&quot;:5.5,&quot;unitOfMeasure&quot;:&quot;Litre&quot;,&quot;perUnitLabel&quot;:&quot;7.33 \u20ac \/ Litre&quot;,&quot;taxMessage&quot;:&quot;&quot;,&quot;perUnit&quot;:7.3300000000000001},&quot;ordering&quot;:{&quot;min&quot;:1,&quot;step&quot;:1,&quot;max&quot;:36},&quot;offerServiceId&quot;:&quot;0261-150-6&quot;,&quot;uri&quot;:&quot;boissons\/cave-a-vins\/vins-rouges\/vallee-du-rhone&quot;,&quot;categories&quot;:[{&quot;id&quot;:&quot;1838&quot;,&quot;code&quot;:&quot;R02&quot;,&quot;slug&quot;:&quot;bio-et-ecologie&quot;,&quot;label&quot;:&quot;Bio et Ecologie&quot;,&quot;uri&quot;:&quot;bio-et-ecologie&quot;,&quot;type&quot;:&quot;RAYON&quot;,&quot;level&quot;:1,&quot;sellerId&quot;:null},{&quot;id&quot;:&quot;1865&quot;,&quot;code&quot;:&quot;R02F07&quot;,&quot;slug&quot;:&quot;boissons&quot;,&quot;label&quot;:&quot;Boissons&quot;,&quot;uri&quot;:&quot;bio-et-ecologie\/boissons&quot;,&quot;type&quot;:&quot;RAYON&quot;,&quot;level&quot;:2,&quot;sellerId&quot;:null},{&quot;id&quot;:&quot;1869&quot;,&quot;code&quot;:&quot;R02F07SF01&quot;,&quot;slug&quot;:&quot;vins-cidres-et-bieres&quot;,&quot;label&quot;:&quot;Vins, Cidres et Bi\u00e8res&quot;,&quot;uri&quot;:&quot;bio-et-ecologie\/boissons\/vins-cidres-et-bieres&quot;,&quot;type&quot;:&quot;RAYON&quot;,&quot;level&quot;:3,&quot;sellerId&quot;:null}],&quot;topCategoryName&quot;:&quot;Bio et Ecologie&quot;,&quot;images&quot;:[{&quot;largest&quot;:&quot;\/media\/1500x1500\/Photosite\/PGC\/BOISSONS\/3700689906552_PHOTOSITE_20200213_171126_0.jpg?placeholder=1&quot;,&quot;1500x1500&quot;:&quot;\/media\/1500x1500\/Photosite\/PGC\/BOISSONS\/3700689906552_PHOTOSITE_20200213_171126_0.jpg?placeholder=1&quot;,&quot;540x540&quot;:&quot;\/media\/540x540\/Photosite\/PGC\/BOISSONS\/3700689906552_PHOTOSITE_20200213_171126_0.jpg?placeholder=1&quot;,&quot;380x380&quot;:&quot;\/media\/380x380\/Photosite\/PGC\/BOISSONS\/3700689906552_PHOTOSITE_20200213_171126_0.jpg?placeholder=1&quot;,&quot;340x340&quot;:&quot;\/media\/340x340\/Photosite\/PGC\/BOISSONS\/3700689906552_PHOTOSITE_20200213_171126_0.jpg?placeholder=1&quot;,&quot;340x240&quot;:&quot;\/media\/340x240\/Photosite\/PGC\/BOISSONS\/3700689906552_PHOTOSITE_20200213_171126_0.jpg?placeholder=1&quot;,&quot;280x280&quot;:&quot;\/media\/280x280\/Photosite\/PGC\/BOISSONS\/3700689906552_PHOTOSITE_20200213_171126_0.jpg?placeholder=1&quot;,&quot;195x195&quot;:&quot;\/media\/195x195\/Photosite\/PGC\/BOISSONS\/3700689906552_PHOTOSITE_20200213_171126_0.jpg?placeholder=1&quot;,&quot;150x150&quot;:&quot;\/media\/150x150\/Photosite\/PGC\/BOISSONS\/3700689906552_PHOTOSITE_20200213_171126_0.jpg?placeholder=1&quot;,&quot;43x43&quot;:&quot;\/media\/43x43\/Photosite\/PGC\/BOISSONS\/3700689906552_PHOTOSITE_20200213_171126_0.jpg?placeholder=1&quot;}],&quot;promotion&quot;:null,&quot;isDonation&quot;:false,&quot;highlightLabel&quot;:null,&quot;seller&quot;:null,&quot;sellerId&quot;:null,&quot;marketplace&quot;:null,&quot;freshness&quot;:null,&quot;traceability&quot;:null,&quot;flags&quot;:[&quot;flag.common.organic&quot;],&quot;clubs&quot;:[],&quot;packaging&quot;:&quot;la bouteille de 75cL&quot;,&quot;origin&quot;:&quot;&quot;,&quot;format&quot;:&quot;75cL&quot;},&quot;relationships&quot;:{&quot;substitution&quot;:null},&quot;meta&quot;:{&quot;recommendation&quot;:null,&quot;cta&quot;:&quot;buy&quot;,&quot;features&quot;:{&quot;shoppingList&quot;:true,&quot;deletable&quot;:false,&quot;swap&quot;:false,&quot;feedback&quot;:false,&quot;freshness&quot;:true}},&quot;links&quot;:{&quot;self&quot;:&quot;\/p\/vin-rouge-vallee-du-rhone-cotes-du-rhone-grenache-noir-syrah-carignan-bio-dauvergne-ranvier-vin-gour-3700689906552?t=27074&quot;}}"
  layout="vertical"
  :render-context="{&quot;zone&quot;:&quot;product-list&quot;,&quot;clickAndCollectEnable&quot;:true}"
  >
  <article class="ds-product-card ds-product-card--vertical">
  <div>
              <div class="ds-product-card--vertical-icons">
                <div
  class="add-to-shoppinglist"
  ean="3700689906552"
  is="add-to-shoppinglist"
></div>
      
        
      </div>
        <div class="ds-product-card--vertical-highlightlabel">
      
    </div>
    <div class="ds-product-card--vertical-infos">
      <div class="ds-product-card--vertical-text">
                
<a
  href="/p/vin-rouge-vallee-du-rhone-cotes-du-rhone-grenache-noir-syrah-carignan-bio-dauvergne-ranvier-vin-gour-3700689906552?t=27074"
  title="Vin Rouge Vallée du Rhône Côtes du Rhône Grenache Noir -  Syrah - Carignan Bio DAUVERGNE RANVIER &quot;VIN GOURMAND&quot;"
  rel=""
  target=""
  class="product-card-title product-card-title__reduced-line-clamp"
>
  

      

<h2 class="ds-title ds-title--s ds-title--medium">
  Vin Rouge Vallée du Rhône Côtes du Rhône Grenache Noir -  Syrah - Carignan Bio DAUVERGNE RANVIER &quot;VIN GOURMAND&quot;
</h2>
</a>
      
                

    

<div class="ds-body-text ds-body-text--size-s ds-body-text--color-standard-3 product-card-packaging">
      la bouteille de 75cL
  </div>
      
                

    

<div class="ds-body-text ds-body-text--size-s ds-body-text--color-standard-3 product-card-per-unit-label">
      7.33 € / Litre
  </div>
      
      </div>
      <div class="ds-product-card--vertical-image">
                
<a
  href="/p/vin-rouge-vallee-du-rhone-cotes-du-rhone-grenache-noir-syrah-carignan-bio-dauvergne-ranvier-vin-gour-3700689906552?t=27074"
  title="Vin Rouge Vallée du Rhône Côtes du Rhône Grenache Noir -  Syrah - Carignan Bio DAUVERGNE RANVIER &quot;VIN GOURMAND&quot;"
  rel=""
  target=""
  class="product-card-image"
>
  <img
      src="/images/loader-dots.svg"        data-src="/media/280x280/Photosite/PGC/BOISSONS/3700689906552_PHOTOSITE_20200213_171126_0.jpg?placeholder=1"        alt="Vin Rouge Vallée du Rhône Côtes du Rhône Grenache Noir -  Syrah - Carignan Bio DAUVERGNE RANVIER &quot;VIN GOURMAND&quot;"
  class="image image--hidden image--lazy product-card-image__image"
/>
</a>
      
      </div>
    </div>
          <div class="ds-product-card--vertical-badges">
                

  <ul class="product-badges-list" is="product-badges-list" :flags="[&quot;flag.common.organic&quot;]" :modifiers="[&quot;size-m&quot;]">
                            <li class="product-badges-list__item">
            

<a class="product-badge__link product-badge--flag-common-organ product-badge--size-m" href="#flag.common.organic" data-flag-id="flag.common.organic">
  <picture class="product-badge__icon">
    <img
      src="/images/badges/flag-common-organic.svg"         alt="Produit Bio"
  class="image product-badge__icon__img"
/>
  </picture>
  <span class="product-badge__title">Produit Bio</span>
</a>
          </li>
                    </ul>
      
      </div>
        
    
  </div>
  <div>
    <div class="ds-product-card--vertical-promotion">
      
    </div>
    <div class="ds-product-card--vertical-flex">
              
    

    


<div class="product-card-price">
  <div class="product-card-price__price">
    

    

<span class="ds-title ds-title--m product-card-price__price--final">
  5,50€
</span>

      </div>
</div>
      
      <div class="ds-product-card--vertical-cta">
                  
<form
  is="add-to-cart"
  id="data-produit-acheter"
  class="add-to-cart"
  :product="{&quot;type&quot;:&quot;product&quot;,&quot;id&quot;:&quot;product-3700689906552&quot;,&quot;attributes&quot;:{&quot;ean&quot;:&quot;3700689906552&quot;,&quot;cdbase&quot;:&quot;6506692&quot;,&quot;title&quot;:&quot;Vin Rouge Vall\u00e9e du Rh\u00f4ne C\u00f4tes du Rh\u00f4ne Grenache Noir -  Syrah - Carignan Bio DAUVERGNE RANVIER \&quot;VIN GOURMAND\&quot;&quot;,&quot;brand&quot;:&quot;REFS.SANS MARQUE&quot;,&quot;slug&quot;:&quot;vin-rouge-vallee-du-rhone-cotes-du-rhone-grenache-noir-syrah-carignan-bio-dauvergne-ranvier-vin-gour&quot;,&quot;availability&quot;:{&quot;indispensable&quot;:false,&quot;purchasable&quot;:true,&quot;stopped&quot;:false,&quot;suspended&quot;:false,&quot;suspensionReason&quot;:null,&quot;checkable&quot;:false,&quot;currentStoreOffer&quot;:null},&quot;price&quot;:{&quot;price&quot;:5.5,&quot;unitOfMeasure&quot;:&quot;Litre&quot;,&quot;perUnitLabel&quot;:&quot;7.33 \u20ac \/ Litre&quot;,&quot;taxMessage&quot;:&quot;&quot;,&quot;perUnit&quot;:7.3300000000000001},&quot;ordering&quot;:{&quot;min&quot;:1,&quot;step&quot;:1,&quot;max&quot;:36},&quot;offerServiceId&quot;:&quot;0261-150-6&quot;,&quot;uri&quot;:&quot;boissons\/cave-a-vins\/vins-rouges\/vallee-du-rhone&quot;,&quot;categories&quot;:[{&quot;id&quot;:&quot;1838&quot;,&quot;code&quot;:&quot;R02&quot;,&quot;slug&quot;:&quot;bio-et-ecologie&quot;,&quot;label&quot;:&quot;Bio et Ecologie&quot;,&quot;uri&quot;:&quot;bio-et-ecologie&quot;,&quot;type&quot;:&quot;RAYON&quot;,&quot;level&quot;:1,&quot;sellerId&quot;:null},{&quot;id&quot;:&quot;1865&quot;,&quot;code&quot;:&quot;R02F07&quot;,&quot;slug&quot;:&quot;boissons&quot;,&quot;label&quot;:&quot;Boissons&quot;,&quot;uri&quot;:&quot;bio-et-ecologie\/boissons&quot;,&quot;type&quot;:&quot;RAYON&quot;,&quot;level&quot;:2,&quot;sellerId&quot;:null},{&quot;id&quot;:&quot;1869&quot;,&quot;code&quot;:&quot;R02F07SF01&quot;,&quot;slug&quot;:&quot;vins-cidres-et-bieres&quot;,&quot;label&quot;:&quot;Vins, Cidres et Bi\u00e8res&quot;,&quot;uri&quot;:&quot;bio-et-ecologie\/boissons\/vins-cidres-et-bieres&quot;,&quot;type&quot;:&quot;RAYON&quot;,&quot;level&quot;:3,&quot;sellerId&quot;:null}],&quot;topCategoryName&quot;:&quot;Bio et Ecologie&quot;,&quot;images&quot;:[{&quot;largest&quot;:&quot;\/media\/1500x1500\/Photosite\/PGC\/BOISSONS\/3700689906552_PHOTOSITE_20200213_171126_0.jpg?placeholder=1&quot;,&quot;1500x1500&quot;:&quot;\/media\/1500x1500\/Photosite\/PGC\/BOISSONS\/3700689906552_PHOTOSITE_20200213_171126_0.jpg?placeholder=1&quot;,&quot;540x540&quot;:&quot;\/media\/540x540\/Photosite\/PGC\/BOISSONS\/3700689906552_PHOTOSITE_20200213_171126_0.jpg?placeholder=1&quot;,&quot;380x380&quot;:&quot;\/media\/380x380\/Photosite\/PGC\/BOISSONS\/3700689906552_PHOTOSITE_20200213_171126_0.jpg?placeholder=1&quot;,&quot;340x340&quot;:&quot;\/media\/340x340\/Photosite\/PGC\/BOISSONS\/3700689906552_PHOTOSITE_20200213_171126_0.jpg?placeholder=1&quot;,&quot;340x240&quot;:&quot;\/media\/340x240\/Photosite\/PGC\/BOISSONS\/3700689906552_PHOTOSITE_20200213_171126_0.jpg?placeholder=1&quot;,&quot;280x280&quot;:&quot;\/media\/280x280\/Photosite\/PGC\/BOISSONS\/3700689906552_PHOTOSITE_20200213_171126_0.jpg?placeholder=1&quot;,&quot;195x195&quot;:&quot;\/media\/195x195\/Photosite\/PGC\/BOISSONS\/3700689906552_PHOTOSITE_20200213_171126_0.jpg?placeholder=1&quot;,&quot;150x150&quot;:&quot;\/media\/150x150\/Photosite\/PGC\/BOISSONS\/3700689906552_PHOTOSITE_20200213_171126_0.jpg?placeholder=1&quot;,&quot;43x43&quot;:&quot;\/media\/43x43\/Photosite\/PGC\/BOISSONS\/3700689906552_PHOTOSITE_20200213_171126_0.jpg?placeholder=1&quot;}],&quot;promotion&quot;:null,&quot;isDonation&quot;:false,&quot;highlightLabel&quot;:null,&quot;seller&quot;:null,&quot;sellerId&quot;:null,&quot;marketplace&quot;:null,&quot;freshness&quot;:null,&quot;traceability&quot;:null,&quot;flags&quot;:[&quot;flag.common.organic&quot;],&quot;clubs&quot;:[],&quot;packaging&quot;:&quot;la bouteille de 75cL&quot;,&quot;origin&quot;:&quot;&quot;,&quot;format&quot;:&quot;75cL&quot;},&quot;relationships&quot;:{&quot;substitution&quot;:null},&quot;meta&quot;:{&quot;recommendation&quot;:null,&quot;cta&quot;:&quot;buy&quot;,&quot;features&quot;:{&quot;shoppingList&quot;:true,&quot;deletable&quot;:false,&quot;swap&quot;:false,&quot;feedback&quot;:false,&quot;freshness&quot;:true}},&quot;links&quot;:{&quot;self&quot;:&quot;\/p\/vin-rouge-vallee-du-rhone-cotes-du-rhone-grenache-noir-syrah-carignan-bio-dauvergne-ranvier-vin-gour-3700689906552?t=27074&quot;}}"
  is-click-and-collect=""
  offer-service-id="0261-150-6"
  basket-service-id=""
  :render-context="{&quot;zone&quot;:&quot;product-list&quot;,&quot;clickAndCollectEnable&quot;:true}" >
  

<button
  class="pl-button pl-button--primary"
        
>
      <span class="pl-button__label">
                    </span>
  </button>
</form>

      
      </div>
    </div>
      </div>
</article>
</div>

                    </li>
            
                <li class="product-grid-item " >
    
                        


<div
  is="ds-product-card"
  class="ds-product-card__twigwrap"
  :index="41"
  :product="{&quot;type&quot;:&quot;product&quot;,&quot;id&quot;:&quot;product-3560070571635&quot;,&quot;attributes&quot;:{&quot;ean&quot;:&quot;3560070571635&quot;,&quot;cdbase&quot;:&quot;4339389&quot;,&quot;title&quot;:&quot;Vin rouge Bourgogne Grand Ordinaire LA CROIX CARILLAN&quot;,&quot;brand&quot;:&quot;PPP&quot;,&quot;slug&quot;:&quot;vin-rouge-bourgogne-grand-ordinaire-la-croix-carillan&quot;,&quot;availability&quot;:{&quot;indispensable&quot;:false,&quot;purchasable&quot;:true,&quot;stopped&quot;:false,&quot;suspended&quot;:false,&quot;suspensionReason&quot;:null,&quot;checkable&quot;:false,&quot;currentStoreOffer&quot;:null},&quot;price&quot;:{&quot;price&quot;:2.9900000000000002,&quot;unitOfMeasure&quot;:&quot;Litre&quot;,&quot;perUnitLabel&quot;:&quot;3.99 \u20ac \/ Litre&quot;,&quot;taxMessage&quot;:&quot;&quot;,&quot;perUnit&quot;:3.9900000000000002},&quot;ordering&quot;:{&quot;min&quot;:1,&quot;step&quot;:1,&quot;max&quot;:36},&quot;offerServiceId&quot;:&quot;0261-150-6&quot;,&quot;uri&quot;:&quot;boissons\/cave-a-vins\/vins-rouges\/bourgogne&quot;,&quot;categories&quot;:[{&quot;id&quot;:&quot;27070&quot;,&quot;code&quot;:&quot;R10&quot;,&quot;slug&quot;:&quot;boissons&quot;,&quot;label&quot;:&quot;Boissons&quot;,&quot;uri&quot;:&quot;boissons&quot;,&quot;type&quot;:&quot;RAYON&quot;,&quot;level&quot;:1,&quot;sellerId&quot;:null},{&quot;id&quot;:&quot;27074&quot;,&quot;code&quot;:&quot;R10F02&quot;,&quot;slug&quot;:&quot;cave-a-vins&quot;,&quot;label&quot;:&quot;Cave \u00e0 vins&quot;,&quot;uri&quot;:&quot;boissons\/cave-a-vins&quot;,&quot;type&quot;:&quot;RAYON&quot;,&quot;level&quot;:2,&quot;sellerId&quot;:null},{&quot;id&quot;:&quot;27105&quot;,&quot;code&quot;:&quot;R10F02SF01&quot;,&quot;slug&quot;:&quot;vins-rouges&quot;,&quot;label&quot;:&quot;Vins rouges&quot;,&quot;uri&quot;:&quot;boissons\/cave-a-vins\/vins-rouges&quot;,&quot;type&quot;:&quot;RAYON&quot;,&quot;level&quot;:3,&quot;sellerId&quot;:null},{&quot;id&quot;:&quot;27144&quot;,&quot;code&quot;:&quot;R10F02SF01SS04&quot;,&quot;slug&quot;:&quot;bourgogne&quot;,&quot;label&quot;:&quot;Bourgogne&quot;,&quot;uri&quot;:&quot;boissons\/cave-a-vins\/vins-rouges\/bourgogne&quot;,&quot;type&quot;:&quot;RAYON&quot;,&quot;level&quot;:4,&quot;sellerId&quot;:null}],&quot;topCategoryName&quot;:&quot;Boissons&quot;,&quot;images&quot;:[{&quot;largest&quot;:&quot;\/media\/1500x1500\/Photosite\/PGC\/BOISSONS\/3560070571635_PHOTOSITE_20140327_171634_0.jpg?placeholder=1&quot;,&quot;1500x1500&quot;:&quot;\/media\/1500x1500\/Photosite\/PGC\/BOISSONS\/3560070571635_PHOTOSITE_20140327_171634_0.jpg?placeholder=1&quot;,&quot;540x540&quot;:&quot;\/media\/540x540\/Photosite\/PGC\/BOISSONS\/3560070571635_PHOTOSITE_20140327_171634_0.jpg?placeholder=1&quot;,&quot;380x380&quot;:&quot;\/media\/380x380\/Photosite\/PGC\/BOISSONS\/3560070571635_PHOTOSITE_20140327_171634_0.jpg?placeholder=1&quot;,&quot;340x340&quot;:&quot;\/media\/340x340\/Photosite\/PGC\/BOISSONS\/3560070571635_PHOTOSITE_20140327_171634_0.jpg?placeholder=1&quot;,&quot;340x240&quot;:&quot;\/media\/340x240\/Photosite\/PGC\/BOISSONS\/3560070571635_PHOTOSITE_20140327_171634_0.jpg?placeholder=1&quot;,&quot;280x280&quot;:&quot;\/media\/280x280\/Photosite\/PGC\/BOISSONS\/3560070571635_PHOTOSITE_20140327_171634_0.jpg?placeholder=1&quot;,&quot;195x195&quot;:&quot;\/media\/195x195\/Photosite\/PGC\/BOISSONS\/3560070571635_PHOTOSITE_20140327_171634_0.jpg?placeholder=1&quot;,&quot;150x150&quot;:&quot;\/media\/150x150\/Photosite\/PGC\/BOISSONS\/3560070571635_PHOTOSITE_20140327_171634_0.jpg?placeholder=1&quot;,&quot;43x43&quot;:&quot;\/media\/43x43\/Photosite\/PGC\/BOISSONS\/3560070571635_PHOTOSITE_20140327_171634_0.jpg?placeholder=1&quot;},{&quot;largest&quot;:&quot;\/media\/1500x1500\/Photosite\/PGC\/BOISSONS\/3560070571635_PHOTOSITE_20140327_171634_7.jpg?placeholder=1&quot;,&quot;1500x1500&quot;:&quot;\/media\/1500x1500\/Photosite\/PGC\/BOISSONS\/3560070571635_PHOTOSITE_20140327_171634_7.jpg?placeholder=1&quot;,&quot;540x540&quot;:&quot;\/media\/540x540\/Photosite\/PGC\/BOISSONS\/3560070571635_PHOTOSITE_20140327_171634_7.jpg?placeholder=1&quot;,&quot;380x380&quot;:&quot;\/media\/380x380\/Photosite\/PGC\/BOISSONS\/3560070571635_PHOTOSITE_20140327_171634_7.jpg?placeholder=1&quot;,&quot;340x340&quot;:&quot;\/media\/340x340\/Photosite\/PGC\/BOISSONS\/3560070571635_PHOTOSITE_20140327_171634_7.jpg?placeholder=1&quot;,&quot;340x240&quot;:&quot;\/media\/340x240\/Photosite\/PGC\/BOISSONS\/3560070571635_PHOTOSITE_20140327_171634_7.jpg?placeholder=1&quot;,&quot;280x280&quot;:&quot;\/media\/280x280\/Photosite\/PGC\/BOISSONS\/3560070571635_PHOTOSITE_20140327_171634_7.jpg?placeholder=1&quot;,&quot;195x195&quot;:&quot;\/media\/195x195\/Photosite\/PGC\/BOISSONS\/3560070571635_PHOTOSITE_20140327_171634_7.jpg?placeholder=1&quot;,&quot;150x150&quot;:&quot;\/media\/150x150\/Photosite\/PGC\/BOISSONS\/3560070571635_PHOTOSITE_20140327_171634_7.jpg?placeholder=1&quot;,&quot;43x43&quot;:&quot;\/media\/43x43\/Photosite\/PGC\/BOISSONS\/3560070571635_PHOTOSITE_20140327_171634_7.jpg?placeholder=1&quot;}],&quot;promotion&quot;:null,&quot;isDonation&quot;:false,&quot;highlightLabel&quot;:null,&quot;seller&quot;:null,&quot;sellerId&quot;:null,&quot;marketplace&quot;:null,&quot;freshness&quot;:null,&quot;traceability&quot;:null,&quot;flags&quot;:[],&quot;clubs&quot;:[],&quot;packaging&quot;:&quot;la bouteille de 75cL&quot;,&quot;origin&quot;:&quot;&quot;,&quot;format&quot;:&quot;75cL&quot;},&quot;relationships&quot;:{&quot;substitution&quot;:null},&quot;meta&quot;:{&quot;recommendation&quot;:null,&quot;cta&quot;:&quot;buy&quot;,&quot;features&quot;:{&quot;shoppingList&quot;:true,&quot;deletable&quot;:false,&quot;swap&quot;:false,&quot;feedback&quot;:false,&quot;freshness&quot;:true}},&quot;links&quot;:{&quot;self&quot;:&quot;\/p\/vin-rouge-bourgogne-grand-ordinaire-la-croix-carillan-3560070571635?t=27074&quot;}}"
  layout="vertical"
  :render-context="{&quot;zone&quot;:&quot;product-list&quot;,&quot;clickAndCollectEnable&quot;:true}"
  >
  <article class="ds-product-card ds-product-card--vertical">
  <div>
              <div class="ds-product-card--vertical-icons">
                <div
  class="add-to-shoppinglist"
  ean="3560070571635"
  is="add-to-shoppinglist"
></div>
      
        
      </div>
        <div class="ds-product-card--vertical-highlightlabel">
      
    </div>
    <div class="ds-product-card--vertical-infos">
      <div class="ds-product-card--vertical-text">
                
<a
  href="/p/vin-rouge-bourgogne-grand-ordinaire-la-croix-carillan-3560070571635?t=27074"
  title="Vin rouge Bourgogne Grand Ordinaire LA CROIX CARILLAN"
  rel=""
  target=""
  class="product-card-title product-card-title__reduced-line-clamp"
>
  

      

<h2 class="ds-title ds-title--s ds-title--medium">
  Vin rouge Bourgogne Grand Ordinaire LA CROIX CARILLAN
</h2>
</a>
      
                

    

<div class="ds-body-text ds-body-text--size-s ds-body-text--color-standard-3 product-card-packaging">
      la bouteille de 75cL
  </div>
      
                

    

<div class="ds-body-text ds-body-text--size-s ds-body-text--color-standard-3 product-card-per-unit-label">
      3.99 € / Litre
  </div>
      
      </div>
      <div class="ds-product-card--vertical-image">
                
<a
  href="/p/vin-rouge-bourgogne-grand-ordinaire-la-croix-carillan-3560070571635?t=27074"
  title="Vin rouge Bourgogne Grand Ordinaire LA CROIX CARILLAN"
  rel=""
  target=""
  class="product-card-image"
>
  <img
      src="/images/loader-dots.svg"        data-src="/media/280x280/Photosite/PGC/BOISSONS/3560070571635_PHOTOSITE_20140327_171634_0.jpg?placeholder=1"        alt="Vin rouge Bourgogne Grand Ordinaire LA CROIX CARILLAN"
  class="image image--hidden image--lazy product-card-image__image"
/>
</a>
      
      </div>
    </div>
        
    
  </div>
  <div>
    <div class="ds-product-card--vertical-promotion">
      
    </div>
    <div class="ds-product-card--vertical-flex">
              
    

    


<div class="product-card-price">
  <div class="product-card-price__price">
    

    

<span class="ds-title ds-title--m product-card-price__price--final">
  2,99€
</span>

      </div>
</div>
      
      <div class="ds-product-card--vertical-cta">
                  
<form
  is="add-to-cart"
  id="data-produit-acheter"
  class="add-to-cart"
  :product="{&quot;type&quot;:&quot;product&quot;,&quot;id&quot;:&quot;product-3560070571635&quot;,&quot;attributes&quot;:{&quot;ean&quot;:&quot;3560070571635&quot;,&quot;cdbase&quot;:&quot;4339389&quot;,&quot;title&quot;:&quot;Vin rouge Bourgogne Grand Ordinaire LA CROIX CARILLAN&quot;,&quot;brand&quot;:&quot;PPP&quot;,&quot;slug&quot;:&quot;vin-rouge-bourgogne-grand-ordinaire-la-croix-carillan&quot;,&quot;availability&quot;:{&quot;indispensable&quot;:false,&quot;purchasable&quot;:true,&quot;stopped&quot;:false,&quot;suspended&quot;:false,&quot;suspensionReason&quot;:null,&quot;checkable&quot;:false,&quot;currentStoreOffer&quot;:null},&quot;price&quot;:{&quot;price&quot;:2.9900000000000002,&quot;unitOfMeasure&quot;:&quot;Litre&quot;,&quot;perUnitLabel&quot;:&quot;3.99 \u20ac \/ Litre&quot;,&quot;taxMessage&quot;:&quot;&quot;,&quot;perUnit&quot;:3.9900000000000002},&quot;ordering&quot;:{&quot;min&quot;:1,&quot;step&quot;:1,&quot;max&quot;:36},&quot;offerServiceId&quot;:&quot;0261-150-6&quot;,&quot;uri&quot;:&quot;boissons\/cave-a-vins\/vins-rouges\/bourgogne&quot;,&quot;categories&quot;:[{&quot;id&quot;:&quot;27070&quot;,&quot;code&quot;:&quot;R10&quot;,&quot;slug&quot;:&quot;boissons&quot;,&quot;label&quot;:&quot;Boissons&quot;,&quot;uri&quot;:&quot;boissons&quot;,&quot;type&quot;:&quot;RAYON&quot;,&quot;level&quot;:1,&quot;sellerId&quot;:null},{&quot;id&quot;:&quot;27074&quot;,&quot;code&quot;:&quot;R10F02&quot;,&quot;slug&quot;:&quot;cave-a-vins&quot;,&quot;label&quot;:&quot;Cave \u00e0 vins&quot;,&quot;uri&quot;:&quot;boissons\/cave-a-vins&quot;,&quot;type&quot;:&quot;RAYON&quot;,&quot;level&quot;:2,&quot;sellerId&quot;:null},{&quot;id&quot;:&quot;27105&quot;,&quot;code&quot;:&quot;R10F02SF01&quot;,&quot;slug&quot;:&quot;vins-rouges&quot;,&quot;label&quot;:&quot;Vins rouges&quot;,&quot;uri&quot;:&quot;boissons\/cave-a-vins\/vins-rouges&quot;,&quot;type&quot;:&quot;RAYON&quot;,&quot;level&quot;:3,&quot;sellerId&quot;:null},{&quot;id&quot;:&quot;27144&quot;,&quot;code&quot;:&quot;R10F02SF01SS04&quot;,&quot;slug&quot;:&quot;bourgogne&quot;,&quot;label&quot;:&quot;Bourgogne&quot;,&quot;uri&quot;:&quot;boissons\/cave-a-vins\/vins-rouges\/bourgogne&quot;,&quot;type&quot;:&quot;RAYON&quot;,&quot;level&quot;:4,&quot;sellerId&quot;:null}],&quot;topCategoryName&quot;:&quot;Boissons&quot;,&quot;images&quot;:[{&quot;largest&quot;:&quot;\/media\/1500x1500\/Photosite\/PGC\/BOISSONS\/3560070571635_PHOTOSITE_20140327_171634_0.jpg?placeholder=1&quot;,&quot;1500x1500&quot;:&quot;\/media\/1500x1500\/Photosite\/PGC\/BOISSONS\/3560070571635_PHOTOSITE_20140327_171634_0.jpg?placeholder=1&quot;,&quot;540x540&quot;:&quot;\/media\/540x540\/Photosite\/PGC\/BOISSONS\/3560070571635_PHOTOSITE_20140327_171634_0.jpg?placeholder=1&quot;,&quot;380x380&quot;:&quot;\/media\/380x380\/Photosite\/PGC\/BOISSONS\/3560070571635_PHOTOSITE_20140327_171634_0.jpg?placeholder=1&quot;,&quot;340x340&quot;:&quot;\/media\/340x340\/Photosite\/PGC\/BOISSONS\/3560070571635_PHOTOSITE_20140327_171634_0.jpg?placeholder=1&quot;,&quot;340x240&quot;:&quot;\/media\/340x240\/Photosite\/PGC\/BOISSONS\/3560070571635_PHOTOSITE_20140327_171634_0.jpg?placeholder=1&quot;,&quot;280x280&quot;:&quot;\/media\/280x280\/Photosite\/PGC\/BOISSONS\/3560070571635_PHOTOSITE_20140327_171634_0.jpg?placeholder=1&quot;,&quot;195x195&quot;:&quot;\/media\/195x195\/Photosite\/PGC\/BOISSONS\/3560070571635_PHOTOSITE_20140327_171634_0.jpg?placeholder=1&quot;,&quot;150x150&quot;:&quot;\/media\/150x150\/Photosite\/PGC\/BOISSONS\/3560070571635_PHOTOSITE_20140327_171634_0.jpg?placeholder=1&quot;,&quot;43x43&quot;:&quot;\/media\/43x43\/Photosite\/PGC\/BOISSONS\/3560070571635_PHOTOSITE_20140327_171634_0.jpg?placeholder=1&quot;},{&quot;largest&quot;:&quot;\/media\/1500x1500\/Photosite\/PGC\/BOISSONS\/3560070571635_PHOTOSITE_20140327_171634_7.jpg?placeholder=1&quot;,&quot;1500x1500&quot;:&quot;\/media\/1500x1500\/Photosite\/PGC\/BOISSONS\/3560070571635_PHOTOSITE_20140327_171634_7.jpg?placeholder=1&quot;,&quot;540x540&quot;:&quot;\/media\/540x540\/Photosite\/PGC\/BOISSONS\/3560070571635_PHOTOSITE_20140327_171634_7.jpg?placeholder=1&quot;,&quot;380x380&quot;:&quot;\/media\/380x380\/Photosite\/PGC\/BOISSONS\/3560070571635_PHOTOSITE_20140327_171634_7.jpg?placeholder=1&quot;,&quot;340x340&quot;:&quot;\/media\/340x340\/Photosite\/PGC\/BOISSONS\/3560070571635_PHOTOSITE_20140327_171634_7.jpg?placeholder=1&quot;,&quot;340x240&quot;:&quot;\/media\/340x240\/Photosite\/PGC\/BOISSONS\/3560070571635_PHOTOSITE_20140327_171634_7.jpg?placeholder=1&quot;,&quot;280x280&quot;:&quot;\/media\/280x280\/Photosite\/PGC\/BOISSONS\/3560070571635_PHOTOSITE_20140327_171634_7.jpg?placeholder=1&quot;,&quot;195x195&quot;:&quot;\/media\/195x195\/Photosite\/PGC\/BOISSONS\/3560070571635_PHOTOSITE_20140327_171634_7.jpg?placeholder=1&quot;,&quot;150x150&quot;:&quot;\/media\/150x150\/Photosite\/PGC\/BOISSONS\/3560070571635_PHOTOSITE_20140327_171634_7.jpg?placeholder=1&quot;,&quot;43x43&quot;:&quot;\/media\/43x43\/Photosite\/PGC\/BOISSONS\/3560070571635_PHOTOSITE_20140327_171634_7.jpg?placeholder=1&quot;}],&quot;promotion&quot;:null,&quot;isDonation&quot;:false,&quot;highlightLabel&quot;:null,&quot;seller&quot;:null,&quot;sellerId&quot;:null,&quot;marketplace&quot;:null,&quot;freshness&quot;:null,&quot;traceability&quot;:null,&quot;flags&quot;:[],&quot;clubs&quot;:[],&quot;packaging&quot;:&quot;la bouteille de 75cL&quot;,&quot;origin&quot;:&quot;&quot;,&quot;format&quot;:&quot;75cL&quot;},&quot;relationships&quot;:{&quot;substitution&quot;:null},&quot;meta&quot;:{&quot;recommendation&quot;:null,&quot;cta&quot;:&quot;buy&quot;,&quot;features&quot;:{&quot;shoppingList&quot;:true,&quot;deletable&quot;:false,&quot;swap&quot;:false,&quot;feedback&quot;:false,&quot;freshness&quot;:true}},&quot;links&quot;:{&quot;self&quot;:&quot;\/p\/vin-rouge-bourgogne-grand-ordinaire-la-croix-carillan-3560070571635?t=27074&quot;}}"
  is-click-and-collect=""
  offer-service-id="0261-150-6"
  basket-service-id=""
  :render-context="{&quot;zone&quot;:&quot;product-list&quot;,&quot;clickAndCollectEnable&quot;:true}" >
  

<button
  class="pl-button pl-button--primary"
        
>
      <span class="pl-button__label">
                    </span>
  </button>
</form>

      
      </div>
    </div>
      </div>
</article>
</div>

                    </li>
            
                <li class="product-grid-item " >
    
                        


<div
  is="ds-product-card"
  class="ds-product-card__twigwrap"
  :index="42"
  :product="{&quot;type&quot;:&quot;product&quot;,&quot;id&quot;:&quot;product-3234783143433&quot;,&quot;attributes&quot;:{&quot;ean&quot;:&quot;3234783143433&quot;,&quot;cdbase&quot;:&quot;2826956&quot;,&quot;title&quot;:&quot;Vin Rouge Vall\u00e9e du Rh\u00f4ne Crozes Hermitage Syrah LES 3 LYS&quot;,&quot;brand&quot;:&quot;REFS.SANS MARQUE&quot;,&quot;slug&quot;:&quot;vin-rouge-vallee-du-rhone-crozes-hermitage-syrah-les-3-lys&quot;,&quot;availability&quot;:{&quot;indispensable&quot;:false,&quot;purchasable&quot;:true,&quot;stopped&quot;:false,&quot;suspended&quot;:false,&quot;suspensionReason&quot;:null,&quot;checkable&quot;:false,&quot;currentStoreOffer&quot;:null},&quot;price&quot;:{&quot;price&quot;:7.9500000000000002,&quot;unitOfMeasure&quot;:&quot;Litre&quot;,&quot;perUnitLabel&quot;:&quot;10.60 \u20ac \/ Litre&quot;,&quot;taxMessage&quot;:&quot;&quot;,&quot;perUnit&quot;:10.6},&quot;ordering&quot;:{&quot;min&quot;:1,&quot;step&quot;:1,&quot;max&quot;:36},&quot;offerServiceId&quot;:&quot;0261-150-6&quot;,&quot;uri&quot;:&quot;boissons\/cave-a-vins\/vins-rouges\/vallee-du-rhone&quot;,&quot;categories&quot;:[{&quot;id&quot;:&quot;27070&quot;,&quot;code&quot;:&quot;R10&quot;,&quot;slug&quot;:&quot;boissons&quot;,&quot;label&quot;:&quot;Boissons&quot;,&quot;uri&quot;:&quot;boissons&quot;,&quot;type&quot;:&quot;RAYON&quot;,&quot;level&quot;:1,&quot;sellerId&quot;:null},{&quot;id&quot;:&quot;27074&quot;,&quot;code&quot;:&quot;R10F02&quot;,&quot;slug&quot;:&quot;cave-a-vins&quot;,&quot;label&quot;:&quot;Cave \u00e0 vins&quot;,&quot;uri&quot;:&quot;boissons\/cave-a-vins&quot;,&quot;type&quot;:&quot;RAYON&quot;,&quot;level&quot;:2,&quot;sellerId&quot;:null},{&quot;id&quot;:&quot;27105&quot;,&quot;code&quot;:&quot;R10F02SF01&quot;,&quot;slug&quot;:&quot;vins-rouges&quot;,&quot;label&quot;:&quot;Vins rouges&quot;,&quot;uri&quot;:&quot;boissons\/cave-a-vins\/vins-rouges&quot;,&quot;type&quot;:&quot;RAYON&quot;,&quot;level&quot;:3,&quot;sellerId&quot;:null},{&quot;id&quot;:&quot;27142&quot;,&quot;code&quot;:&quot;R10F02SF01SS02&quot;,&quot;slug&quot;:&quot;vallee-du-rhone&quot;,&quot;label&quot;:&quot;Vall\u00e9e du Rh\u00f4ne&quot;,&quot;uri&quot;:&quot;boissons\/cave-a-vins\/vins-rouges\/vallee-du-rhone&quot;,&quot;type&quot;:&quot;RAYON&quot;,&quot;level&quot;:4,&quot;sellerId&quot;:null}],&quot;topCategoryName&quot;:&quot;Boissons&quot;,&quot;images&quot;:[{&quot;largest&quot;:&quot;\/media\/1500x1500\/Photosite\/PGC\/BOISSONS\/3234783143433_PHOTOSITE_20200922_051401_0.jpg?placeholder=1&quot;,&quot;1500x1500&quot;:&quot;\/media\/1500x1500\/Photosite\/PGC\/BOISSONS\/3234783143433_PHOTOSITE_20200922_051401_0.jpg?placeholder=1&quot;,&quot;540x540&quot;:&quot;\/media\/540x540\/Photosite\/PGC\/BOISSONS\/3234783143433_PHOTOSITE_20200922_051401_0.jpg?placeholder=1&quot;,&quot;380x380&quot;:&quot;\/media\/380x380\/Photosite\/PGC\/BOISSONS\/3234783143433_PHOTOSITE_20200922_051401_0.jpg?placeholder=1&quot;,&quot;340x340&quot;:&quot;\/media\/340x340\/Photosite\/PGC\/BOISSONS\/3234783143433_PHOTOSITE_20200922_051401_0.jpg?placeholder=1&quot;,&quot;340x240&quot;:&quot;\/media\/340x240\/Photosite\/PGC\/BOISSONS\/3234783143433_PHOTOSITE_20200922_051401_0.jpg?placeholder=1&quot;,&quot;280x280&quot;:&quot;\/media\/280x280\/Photosite\/PGC\/BOISSONS\/3234783143433_PHOTOSITE_20200922_051401_0.jpg?placeholder=1&quot;,&quot;195x195&quot;:&quot;\/media\/195x195\/Photosite\/PGC\/BOISSONS\/3234783143433_PHOTOSITE_20200922_051401_0.jpg?placeholder=1&quot;,&quot;150x150&quot;:&quot;\/media\/150x150\/Photosite\/PGC\/BOISSONS\/3234783143433_PHOTOSITE_20200922_051401_0.jpg?placeholder=1&quot;,&quot;43x43&quot;:&quot;\/media\/43x43\/Photosite\/PGC\/BOISSONS\/3234783143433_PHOTOSITE_20200922_051401_0.jpg?placeholder=1&quot;}],&quot;promotion&quot;:null,&quot;isDonation&quot;:false,&quot;highlightLabel&quot;:null,&quot;seller&quot;:null,&quot;sellerId&quot;:null,&quot;marketplace&quot;:null,&quot;freshness&quot;:null,&quot;traceability&quot;:null,&quot;flags&quot;:[&quot;flag.common.glutenfree&quot;],&quot;clubs&quot;:[],&quot;packaging&quot;:&quot;la bouteille de 75cL&quot;,&quot;origin&quot;:&quot;&quot;,&quot;format&quot;:&quot;75cL&quot;},&quot;relationships&quot;:{&quot;substitution&quot;:null},&quot;meta&quot;:{&quot;recommendation&quot;:null,&quot;cta&quot;:&quot;buy&quot;,&quot;features&quot;:{&quot;shoppingList&quot;:true,&quot;deletable&quot;:false,&quot;swap&quot;:false,&quot;feedback&quot;:false,&quot;freshness&quot;:true}},&quot;links&quot;:{&quot;self&quot;:&quot;\/p\/vin-rouge-vallee-du-rhone-crozes-hermitage-syrah-les-3-lys-3234783143433?t=27074&quot;}}"
  layout="vertical"
  :render-context="{&quot;zone&quot;:&quot;product-list&quot;,&quot;clickAndCollectEnable&quot;:true}"
  >
  <article class="ds-product-card ds-product-card--vertical">
  <div>
              <div class="ds-product-card--vertical-icons">
                <div
  class="add-to-shoppinglist"
  ean="3234783143433"
  is="add-to-shoppinglist"
></div>
      
        
      </div>
        <div class="ds-product-card--vertical-highlightlabel">
      
    </div>
    <div class="ds-product-card--vertical-infos">
      <div class="ds-product-card--vertical-text">
                
<a
  href="/p/vin-rouge-vallee-du-rhone-crozes-hermitage-syrah-les-3-lys-3234783143433?t=27074"
  title="Vin Rouge Vallée du Rhône Crozes Hermitage Syrah LES 3 LYS"
  rel=""
  target=""
  class="product-card-title product-card-title__reduced-line-clamp"
>
  

      

<h2 class="ds-title ds-title--s ds-title--medium">
  Vin Rouge Vallée du Rhône Crozes Hermitage Syrah LES 3 LYS
</h2>
</a>
      
                

    

<div class="ds-body-text ds-body-text--size-s ds-body-text--color-standard-3 product-card-packaging">
      la bouteille de 75cL
  </div>
      
                

    

<div class="ds-body-text ds-body-text--size-s ds-body-text--color-standard-3 product-card-per-unit-label">
      10.60 € / Litre
  </div>
      
      </div>
      <div class="ds-product-card--vertical-image">
                
<a
  href="/p/vin-rouge-vallee-du-rhone-crozes-hermitage-syrah-les-3-lys-3234783143433?t=27074"
  title="Vin Rouge Vallée du Rhône Crozes Hermitage Syrah LES 3 LYS"
  rel=""
  target=""
  class="product-card-image"
>
  <img
      src="/images/loader-dots.svg"        data-src="/media/280x280/Photosite/PGC/BOISSONS/3234783143433_PHOTOSITE_20200922_051401_0.jpg?placeholder=1"        alt="Vin Rouge Vallée du Rhône Crozes Hermitage Syrah LES 3 LYS"
  class="image image--hidden image--lazy product-card-image__image"
/>
</a>
      
      </div>
    </div>
          <div class="ds-product-card--vertical-badges">
                

  <ul class="product-badges-list" is="product-badges-list" :flags="[&quot;flag.common.glutenfree&quot;]" :modifiers="[&quot;size-m&quot;]">
                            <li class="product-badges-list__item">
            

<a class="product-badge__link product-badge--flag-common-glutenfr product-badge--size-m" href="#flag.common.glutenfree" data-flag-id="flag.common.glutenfree">
  <picture class="product-badge__icon">
    <img
      src="/images/badges/flag-common-glutenfree.svg"         alt="Sans gluten"
  class="image product-badge__icon__img"
/>
  </picture>
  <span class="product-badge__title">Sans gluten</span>
</a>
          </li>
                    </ul>
      
      </div>
        
    
  </div>
  <div>
    <div class="ds-product-card--vertical-promotion">
      
    </div>
    <div class="ds-product-card--vertical-flex">
              
    

    


<div class="product-card-price">
  <div class="product-card-price__price">
    

    

<span class="ds-title ds-title--m product-card-price__price--final">
  7,95€
</span>

      </div>
</div>
      
      <div class="ds-product-card--vertical-cta">
                  
<form
  is="add-to-cart"
  id="data-produit-acheter"
  class="add-to-cart"
  :product="{&quot;type&quot;:&quot;product&quot;,&quot;id&quot;:&quot;product-3234783143433&quot;,&quot;attributes&quot;:{&quot;ean&quot;:&quot;3234783143433&quot;,&quot;cdbase&quot;:&quot;2826956&quot;,&quot;title&quot;:&quot;Vin Rouge Vall\u00e9e du Rh\u00f4ne Crozes Hermitage Syrah LES 3 LYS&quot;,&quot;brand&quot;:&quot;REFS.SANS MARQUE&quot;,&quot;slug&quot;:&quot;vin-rouge-vallee-du-rhone-crozes-hermitage-syrah-les-3-lys&quot;,&quot;availability&quot;:{&quot;indispensable&quot;:false,&quot;purchasable&quot;:true,&quot;stopped&quot;:false,&quot;suspended&quot;:false,&quot;suspensionReason&quot;:null,&quot;checkable&quot;:false,&quot;currentStoreOffer&quot;:null},&quot;price&quot;:{&quot;price&quot;:7.9500000000000002,&quot;unitOfMeasure&quot;:&quot;Litre&quot;,&quot;perUnitLabel&quot;:&quot;10.60 \u20ac \/ Litre&quot;,&quot;taxMessage&quot;:&quot;&quot;,&quot;perUnit&quot;:10.6},&quot;ordering&quot;:{&quot;min&quot;:1,&quot;step&quot;:1,&quot;max&quot;:36},&quot;offerServiceId&quot;:&quot;0261-150-6&quot;,&quot;uri&quot;:&quot;boissons\/cave-a-vins\/vins-rouges\/vallee-du-rhone&quot;,&quot;categories&quot;:[{&quot;id&quot;:&quot;27070&quot;,&quot;code&quot;:&quot;R10&quot;,&quot;slug&quot;:&quot;boissons&quot;,&quot;label&quot;:&quot;Boissons&quot;,&quot;uri&quot;:&quot;boissons&quot;,&quot;type&quot;:&quot;RAYON&quot;,&quot;level&quot;:1,&quot;sellerId&quot;:null},{&quot;id&quot;:&quot;27074&quot;,&quot;code&quot;:&quot;R10F02&quot;,&quot;slug&quot;:&quot;cave-a-vins&quot;,&quot;label&quot;:&quot;Cave \u00e0 vins&quot;,&quot;uri&quot;:&quot;boissons\/cave-a-vins&quot;,&quot;type&quot;:&quot;RAYON&quot;,&quot;level&quot;:2,&quot;sellerId&quot;:null},{&quot;id&quot;:&quot;27105&quot;,&quot;code&quot;:&quot;R10F02SF01&quot;,&quot;slug&quot;:&quot;vins-rouges&quot;,&quot;label&quot;:&quot;Vins rouges&quot;,&quot;uri&quot;:&quot;boissons\/cave-a-vins\/vins-rouges&quot;,&quot;type&quot;:&quot;RAYON&quot;,&quot;level&quot;:3,&quot;sellerId&quot;:null},{&quot;id&quot;:&quot;27142&quot;,&quot;code&quot;:&quot;R10F02SF01SS02&quot;,&quot;slug&quot;:&quot;vallee-du-rhone&quot;,&quot;label&quot;:&quot;Vall\u00e9e du Rh\u00f4ne&quot;,&quot;uri&quot;:&quot;boissons\/cave-a-vins\/vins-rouges\/vallee-du-rhone&quot;,&quot;type&quot;:&quot;RAYON&quot;,&quot;level&quot;:4,&quot;sellerId&quot;:null}],&quot;topCategoryName&quot;:&quot;Boissons&quot;,&quot;images&quot;:[{&quot;largest&quot;:&quot;\/media\/1500x1500\/Photosite\/PGC\/BOISSONS\/3234783143433_PHOTOSITE_20200922_051401_0.jpg?placeholder=1&quot;,&quot;1500x1500&quot;:&quot;\/media\/1500x1500\/Photosite\/PGC\/BOISSONS\/3234783143433_PHOTOSITE_20200922_051401_0.jpg?placeholder=1&quot;,&quot;540x540&quot;:&quot;\/media\/540x540\/Photosite\/PGC\/BOISSONS\/3234783143433_PHOTOSITE_20200922_051401_0.jpg?placeholder=1&quot;,&quot;380x380&quot;:&quot;\/media\/380x380\/Photosite\/PGC\/BOISSONS\/3234783143433_PHOTOSITE_20200922_051401_0.jpg?placeholder=1&quot;,&quot;340x340&quot;:&quot;\/media\/340x340\/Photosite\/PGC\/BOISSONS\/3234783143433_PHOTOSITE_20200922_051401_0.jpg?placeholder=1&quot;,&quot;340x240&quot;:&quot;\/media\/340x240\/Photosite\/PGC\/BOISSONS\/3234783143433_PHOTOSITE_20200922_051401_0.jpg?placeholder=1&quot;,&quot;280x280&quot;:&quot;\/media\/280x280\/Photosite\/PGC\/BOISSONS\/3234783143433_PHOTOSITE_20200922_051401_0.jpg?placeholder=1&quot;,&quot;195x195&quot;:&quot;\/media\/195x195\/Photosite\/PGC\/BOISSONS\/3234783143433_PHOTOSITE_20200922_051401_0.jpg?placeholder=1&quot;,&quot;150x150&quot;:&quot;\/media\/150x150\/Photosite\/PGC\/BOISSONS\/3234783143433_PHOTOSITE_20200922_051401_0.jpg?placeholder=1&quot;,&quot;43x43&quot;:&quot;\/media\/43x43\/Photosite\/PGC\/BOISSONS\/3234783143433_PHOTOSITE_20200922_051401_0.jpg?placeholder=1&quot;}],&quot;promotion&quot;:null,&quot;isDonation&quot;:false,&quot;highlightLabel&quot;:null,&quot;seller&quot;:null,&quot;sellerId&quot;:null,&quot;marketplace&quot;:null,&quot;freshness&quot;:null,&quot;traceability&quot;:null,&quot;flags&quot;:[&quot;flag.common.glutenfree&quot;],&quot;clubs&quot;:[],&quot;packaging&quot;:&quot;la bouteille de 75cL&quot;,&quot;origin&quot;:&quot;&quot;,&quot;format&quot;:&quot;75cL&quot;},&quot;relationships&quot;:{&quot;substitution&quot;:null},&quot;meta&quot;:{&quot;recommendation&quot;:null,&quot;cta&quot;:&quot;buy&quot;,&quot;features&quot;:{&quot;shoppingList&quot;:true,&quot;deletable&quot;:false,&quot;swap&quot;:false,&quot;feedback&quot;:false,&quot;freshness&quot;:true}},&quot;links&quot;:{&quot;self&quot;:&quot;\/p\/vin-rouge-vallee-du-rhone-crozes-hermitage-syrah-les-3-lys-3234783143433?t=27074&quot;}}"
  is-click-and-collect=""
  offer-service-id="0261-150-6"
  basket-service-id=""
  :render-context="{&quot;zone&quot;:&quot;product-list&quot;,&quot;clickAndCollectEnable&quot;:true}" >
  

<button
  class="pl-button pl-button--primary"
        
>
      <span class="pl-button__label">
                    </span>
  </button>
</form>

      
      </div>
    </div>
      </div>
</article>
</div>

                    </li>
            
                <li class="product-grid-item " >
    
                        


<div
  is="ds-product-card"
  class="ds-product-card__twigwrap"
  :index="43"
  :product="{&quot;type&quot;:&quot;product&quot;,&quot;id&quot;:&quot;product-3244081500005&quot;,&quot;attributes&quot;:{&quot;ean&quot;:&quot;3244081500005&quot;,&quot;cdbase&quot;:&quot;27976&quot;,&quot;title&quot;:&quot;Vin ros\u00e9 I.G.P. Sable de Camargue Grenache- Cinsault - Cabernet LISTEL&quot;,&quot;brand&quot;:&quot;REFS.SANS MARQUE&quot;,&quot;slug&quot;:&quot;vin-rose-i-g-p-sable-de-camargue-grenache-cinsault-cabernet-listel&quot;,&quot;availability&quot;:{&quot;indispensable&quot;:false,&quot;purchasable&quot;:true,&quot;stopped&quot;:false,&quot;suspended&quot;:false,&quot;suspensionReason&quot;:null,&quot;checkable&quot;:false,&quot;currentStoreOffer&quot;:null},&quot;price&quot;:{&quot;price&quot;:2.9900000000000002,&quot;unitOfMeasure&quot;:&quot;Litre&quot;,&quot;perUnitLabel&quot;:&quot;3.99 \u20ac \/ Litre&quot;,&quot;taxMessage&quot;:&quot;&quot;,&quot;perUnit&quot;:3.9900000000000002},&quot;ordering&quot;:{&quot;min&quot;:1,&quot;step&quot;:1,&quot;max&quot;:36},&quot;offerServiceId&quot;:&quot;0261-150-6&quot;,&quot;uri&quot;:&quot;boissons\/cave-a-vins\/vins-roses\/vins-de-pays-vins-de-table-rose&quot;,&quot;categories&quot;:[{&quot;id&quot;:&quot;27070&quot;,&quot;code&quot;:&quot;R10&quot;,&quot;slug&quot;:&quot;boissons&quot;,&quot;label&quot;:&quot;Boissons&quot;,&quot;uri&quot;:&quot;boissons&quot;,&quot;type&quot;:&quot;RAYON&quot;,&quot;level&quot;:1,&quot;sellerId&quot;:null},{&quot;id&quot;:&quot;27074&quot;,&quot;code&quot;:&quot;R10F02&quot;,&quot;slug&quot;:&quot;cave-a-vins&quot;,&quot;label&quot;:&quot;Cave \u00e0 vins&quot;,&quot;uri&quot;:&quot;boissons\/cave-a-vins&quot;,&quot;type&quot;:&quot;RAYON&quot;,&quot;level&quot;:2,&quot;sellerId&quot;:null},{&quot;id&quot;:&quot;27107&quot;,&quot;code&quot;:&quot;R10F02SF03&quot;,&quot;slug&quot;:&quot;vins-roses&quot;,&quot;label&quot;:&quot;Vins ros\u00e9s&quot;,&quot;uri&quot;:&quot;boissons\/cave-a-vins\/vins-roses&quot;,&quot;type&quot;:&quot;RAYON&quot;,&quot;level&quot;:3,&quot;sellerId&quot;:null},{&quot;id&quot;:&quot;27165&quot;,&quot;code&quot;:&quot;R10F02SF03SS06&quot;,&quot;slug&quot;:&quot;vins-de-pays-vins-de-table-rose&quot;,&quot;label&quot;:&quot;Vins de pays et Vins de table ros\u00e9&quot;,&quot;uri&quot;:&quot;boissons\/cave-a-vins\/vins-roses\/vins-de-pays-vins-de-table-rose&quot;,&quot;type&quot;:&quot;RAYON&quot;,&quot;level&quot;:4,&quot;sellerId&quot;:null}],&quot;topCategoryName&quot;:&quot;Boissons&quot;,&quot;images&quot;:[{&quot;largest&quot;:&quot;\/media\/1500x1500\/Photosite\/PGC\/BOISSONS\/3244081500005_PHOTOSITE_20201223_053141_0.jpg?placeholder=1&quot;,&quot;1500x1500&quot;:&quot;\/media\/1500x1500\/Photosite\/PGC\/BOISSONS\/3244081500005_PHOTOSITE_20201223_053141_0.jpg?placeholder=1&quot;,&quot;540x540&quot;:&quot;\/media\/540x540\/Photosite\/PGC\/BOISSONS\/3244081500005_PHOTOSITE_20201223_053141_0.jpg?placeholder=1&quot;,&quot;380x380&quot;:&quot;\/media\/380x380\/Photosite\/PGC\/BOISSONS\/3244081500005_PHOTOSITE_20201223_053141_0.jpg?placeholder=1&quot;,&quot;340x340&quot;:&quot;\/media\/340x340\/Photosite\/PGC\/BOISSONS\/3244081500005_PHOTOSITE_20201223_053141_0.jpg?placeholder=1&quot;,&quot;340x240&quot;:&quot;\/media\/340x240\/Photosite\/PGC\/BOISSONS\/3244081500005_PHOTOSITE_20201223_053141_0.jpg?placeholder=1&quot;,&quot;280x280&quot;:&quot;\/media\/280x280\/Photosite\/PGC\/BOISSONS\/3244081500005_PHOTOSITE_20201223_053141_0.jpg?placeholder=1&quot;,&quot;195x195&quot;:&quot;\/media\/195x195\/Photosite\/PGC\/BOISSONS\/3244081500005_PHOTOSITE_20201223_053141_0.jpg?placeholder=1&quot;,&quot;150x150&quot;:&quot;\/media\/150x150\/Photosite\/PGC\/BOISSONS\/3244081500005_PHOTOSITE_20201223_053141_0.jpg?placeholder=1&quot;,&quot;43x43&quot;:&quot;\/media\/43x43\/Photosite\/PGC\/BOISSONS\/3244081500005_PHOTOSITE_20201223_053141_0.jpg?placeholder=1&quot;}],&quot;promotion&quot;:null,&quot;isDonation&quot;:false,&quot;highlightLabel&quot;:null,&quot;seller&quot;:null,&quot;sellerId&quot;:null,&quot;marketplace&quot;:null,&quot;freshness&quot;:null,&quot;traceability&quot;:null,&quot;flags&quot;:[],&quot;clubs&quot;:[],&quot;packaging&quot;:&quot;la bouteille de 75cL&quot;,&quot;origin&quot;:&quot;&quot;,&quot;format&quot;:&quot;75cL&quot;},&quot;relationships&quot;:{&quot;substitution&quot;:null},&quot;meta&quot;:{&quot;recommendation&quot;:null,&quot;cta&quot;:&quot;buy&quot;,&quot;features&quot;:{&quot;shoppingList&quot;:true,&quot;deletable&quot;:false,&quot;swap&quot;:false,&quot;feedback&quot;:false,&quot;freshness&quot;:true}},&quot;links&quot;:{&quot;self&quot;:&quot;\/p\/vin-rose-i-g-p-sable-de-camargue-grenache-cinsault-cabernet-listel-3244081500005?t=27074&quot;}}"
  layout="vertical"
  :render-context="{&quot;zone&quot;:&quot;product-list&quot;,&quot;clickAndCollectEnable&quot;:true}"
  >
  <article class="ds-product-card ds-product-card--vertical">
  <div>
              <div class="ds-product-card--vertical-icons">
                <div
  class="add-to-shoppinglist"
  ean="3244081500005"
  is="add-to-shoppinglist"
></div>
      
        
      </div>
        <div class="ds-product-card--vertical-highlightlabel">
      
    </div>
    <div class="ds-product-card--vertical-infos">
      <div class="ds-product-card--vertical-text">
                
<a
  href="/p/vin-rose-i-g-p-sable-de-camargue-grenache-cinsault-cabernet-listel-3244081500005?t=27074"
  title="Vin rosé I.G.P. Sable de Camargue Grenache- Cinsault - Cabernet LISTEL"
  rel=""
  target=""
  class="product-card-title product-card-title__reduced-line-clamp"
>
  

      

<h2 class="ds-title ds-title--s ds-title--medium">
  Vin rosé I.G.P. Sable de Camargue Grenache- Cinsault - Cabernet LISTEL
</h2>
</a>
      
                

    

<div class="ds-body-text ds-body-text--size-s ds-body-text--color-standard-3 product-card-packaging">
      la bouteille de 75cL
  </div>
      
                

    

<div class="ds-body-text ds-body-text--size-s ds-body-text--color-standard-3 product-card-per-unit-label">
      3.99 € / Litre
  </div>
      
      </div>
      <div class="ds-product-card--vertical-image">
                
<a
  href="/p/vin-rose-i-g-p-sable-de-camargue-grenache-cinsault-cabernet-listel-3244081500005?t=27074"
  title="Vin rosé I.G.P. Sable de Camargue Grenache- Cinsault - Cabernet LISTEL"
  rel=""
  target=""
  class="product-card-image"
>
  <img
      src="/images/loader-dots.svg"        data-src="/media/280x280/Photosite/PGC/BOISSONS/3244081500005_PHOTOSITE_20201223_053141_0.jpg?placeholder=1"        alt="Vin rosé I.G.P. Sable de Camargue Grenache- Cinsault - Cabernet LISTEL"
  class="image image--hidden image--lazy product-card-image__image"
/>
</a>
      
      </div>
    </div>
        
    
  </div>
  <div>
    <div class="ds-product-card--vertical-promotion">
      
    </div>
    <div class="ds-product-card--vertical-flex">
              
    

    


<div class="product-card-price">
  <div class="product-card-price__price">
    

    

<span class="ds-title ds-title--m product-card-price__price--final">
  2,99€
</span>

      </div>
</div>
      
      <div class="ds-product-card--vertical-cta">
                  
<form
  is="add-to-cart"
  id="data-produit-acheter"
  class="add-to-cart"
  :product="{&quot;type&quot;:&quot;product&quot;,&quot;id&quot;:&quot;product-3244081500005&quot;,&quot;attributes&quot;:{&quot;ean&quot;:&quot;3244081500005&quot;,&quot;cdbase&quot;:&quot;27976&quot;,&quot;title&quot;:&quot;Vin ros\u00e9 I.G.P. Sable de Camargue Grenache- Cinsault - Cabernet LISTEL&quot;,&quot;brand&quot;:&quot;REFS.SANS MARQUE&quot;,&quot;slug&quot;:&quot;vin-rose-i-g-p-sable-de-camargue-grenache-cinsault-cabernet-listel&quot;,&quot;availability&quot;:{&quot;indispensable&quot;:false,&quot;purchasable&quot;:true,&quot;stopped&quot;:false,&quot;suspended&quot;:false,&quot;suspensionReason&quot;:null,&quot;checkable&quot;:false,&quot;currentStoreOffer&quot;:null},&quot;price&quot;:{&quot;price&quot;:2.9900000000000002,&quot;unitOfMeasure&quot;:&quot;Litre&quot;,&quot;perUnitLabel&quot;:&quot;3.99 \u20ac \/ Litre&quot;,&quot;taxMessage&quot;:&quot;&quot;,&quot;perUnit&quot;:3.9900000000000002},&quot;ordering&quot;:{&quot;min&quot;:1,&quot;step&quot;:1,&quot;max&quot;:36},&quot;offerServiceId&quot;:&quot;0261-150-6&quot;,&quot;uri&quot;:&quot;boissons\/cave-a-vins\/vins-roses\/vins-de-pays-vins-de-table-rose&quot;,&quot;categories&quot;:[{&quot;id&quot;:&quot;27070&quot;,&quot;code&quot;:&quot;R10&quot;,&quot;slug&quot;:&quot;boissons&quot;,&quot;label&quot;:&quot;Boissons&quot;,&quot;uri&quot;:&quot;boissons&quot;,&quot;type&quot;:&quot;RAYON&quot;,&quot;level&quot;:1,&quot;sellerId&quot;:null},{&quot;id&quot;:&quot;27074&quot;,&quot;code&quot;:&quot;R10F02&quot;,&quot;slug&quot;:&quot;cave-a-vins&quot;,&quot;label&quot;:&quot;Cave \u00e0 vins&quot;,&quot;uri&quot;:&quot;boissons\/cave-a-vins&quot;,&quot;type&quot;:&quot;RAYON&quot;,&quot;level&quot;:2,&quot;sellerId&quot;:null},{&quot;id&quot;:&quot;27107&quot;,&quot;code&quot;:&quot;R10F02SF03&quot;,&quot;slug&quot;:&quot;vins-roses&quot;,&quot;label&quot;:&quot;Vins ros\u00e9s&quot;,&quot;uri&quot;:&quot;boissons\/cave-a-vins\/vins-roses&quot;,&quot;type&quot;:&quot;RAYON&quot;,&quot;level&quot;:3,&quot;sellerId&quot;:null},{&quot;id&quot;:&quot;27165&quot;,&quot;code&quot;:&quot;R10F02SF03SS06&quot;,&quot;slug&quot;:&quot;vins-de-pays-vins-de-table-rose&quot;,&quot;label&quot;:&quot;Vins de pays et Vins de table ros\u00e9&quot;,&quot;uri&quot;:&quot;boissons\/cave-a-vins\/vins-roses\/vins-de-pays-vins-de-table-rose&quot;,&quot;type&quot;:&quot;RAYON&quot;,&quot;level&quot;:4,&quot;sellerId&quot;:null}],&quot;topCategoryName&quot;:&quot;Boissons&quot;,&quot;images&quot;:[{&quot;largest&quot;:&quot;\/media\/1500x1500\/Photosite\/PGC\/BOISSONS\/3244081500005_PHOTOSITE_20201223_053141_0.jpg?placeholder=1&quot;,&quot;1500x1500&quot;:&quot;\/media\/1500x1500\/Photosite\/PGC\/BOISSONS\/3244081500005_PHOTOSITE_20201223_053141_0.jpg?placeholder=1&quot;,&quot;540x540&quot;:&quot;\/media\/540x540\/Photosite\/PGC\/BOISSONS\/3244081500005_PHOTOSITE_20201223_053141_0.jpg?placeholder=1&quot;,&quot;380x380&quot;:&quot;\/media\/380x380\/Photosite\/PGC\/BOISSONS\/3244081500005_PHOTOSITE_20201223_053141_0.jpg?placeholder=1&quot;,&quot;340x340&quot;:&quot;\/media\/340x340\/Photosite\/PGC\/BOISSONS\/3244081500005_PHOTOSITE_20201223_053141_0.jpg?placeholder=1&quot;,&quot;340x240&quot;:&quot;\/media\/340x240\/Photosite\/PGC\/BOISSONS\/3244081500005_PHOTOSITE_20201223_053141_0.jpg?placeholder=1&quot;,&quot;280x280&quot;:&quot;\/media\/280x280\/Photosite\/PGC\/BOISSONS\/3244081500005_PHOTOSITE_20201223_053141_0.jpg?placeholder=1&quot;,&quot;195x195&quot;:&quot;\/media\/195x195\/Photosite\/PGC\/BOISSONS\/3244081500005_PHOTOSITE_20201223_053141_0.jpg?placeholder=1&quot;,&quot;150x150&quot;:&quot;\/media\/150x150\/Photosite\/PGC\/BOISSONS\/3244081500005_PHOTOSITE_20201223_053141_0.jpg?placeholder=1&quot;,&quot;43x43&quot;:&quot;\/media\/43x43\/Photosite\/PGC\/BOISSONS\/3244081500005_PHOTOSITE_20201223_053141_0.jpg?placeholder=1&quot;}],&quot;promotion&quot;:null,&quot;isDonation&quot;:false,&quot;highlightLabel&quot;:null,&quot;seller&quot;:null,&quot;sellerId&quot;:null,&quot;marketplace&quot;:null,&quot;freshness&quot;:null,&quot;traceability&quot;:null,&quot;flags&quot;:[],&quot;clubs&quot;:[],&quot;packaging&quot;:&quot;la bouteille de 75cL&quot;,&quot;origin&quot;:&quot;&quot;,&quot;format&quot;:&quot;75cL&quot;},&quot;relationships&quot;:{&quot;substitution&quot;:null},&quot;meta&quot;:{&quot;recommendation&quot;:null,&quot;cta&quot;:&quot;buy&quot;,&quot;features&quot;:{&quot;shoppingList&quot;:true,&quot;deletable&quot;:false,&quot;swap&quot;:false,&quot;feedback&quot;:false,&quot;freshness&quot;:true}},&quot;links&quot;:{&quot;self&quot;:&quot;\/p\/vin-rose-i-g-p-sable-de-camargue-grenache-cinsault-cabernet-listel-3244081500005?t=27074&quot;}}"
  is-click-and-collect=""
  offer-service-id="0261-150-6"
  basket-service-id=""
  :render-context="{&quot;zone&quot;:&quot;product-list&quot;,&quot;clickAndCollectEnable&quot;:true}" >
  

<button
  class="pl-button pl-button--primary"
        
>
      <span class="pl-button__label">
                    </span>
  </button>
</form>

      
      </div>
    </div>
      </div>
</article>
</div>

                    </li>
            
                <li class="product-grid-item " >
    
                        


<div
  is="ds-product-card"
  class="ds-product-card__twigwrap"
  :index="44"
  :product="{&quot;type&quot;:&quot;product&quot;,&quot;id&quot;:&quot;product-3245414726369&quot;,&quot;attributes&quot;:{&quot;ean&quot;:&quot;3245414726369&quot;,&quot;cdbase&quot;:&quot;3741270&quot;,&quot;title&quot;:&quot;Vin Ros\u00e9 Bordeaux Merlot - Cabernet Sauvignon LA CAVE D&#039;AUGUSTIN FLORENT&quot;,&quot;brand&quot;:&quot;CAVE AUGUSTIN FLOREN&quot;,&quot;slug&quot;:&quot;vin-rose-bordeaux-merlot-cabernet-sauvignon-la-cave-d-augustin-florent&quot;,&quot;availability&quot;:{&quot;indispensable&quot;:false,&quot;purchasable&quot;:true,&quot;stopped&quot;:false,&quot;suspended&quot;:false,&quot;suspensionReason&quot;:null,&quot;checkable&quot;:false,&quot;currentStoreOffer&quot;:null},&quot;price&quot;:{&quot;price&quot;:3.5,&quot;unitOfMeasure&quot;:&quot;Litre&quot;,&quot;perUnitLabel&quot;:&quot;4.67 \u20ac \/ Litre&quot;,&quot;taxMessage&quot;:&quot;&quot;,&quot;perUnit&quot;:4.6699999999999999},&quot;ordering&quot;:{&quot;min&quot;:1,&quot;step&quot;:1,&quot;max&quot;:36},&quot;offerServiceId&quot;:&quot;0261-150-6&quot;,&quot;uri&quot;:&quot;boissons\/cave-a-vins\/vins-roses\/autres-regions&quot;,&quot;categories&quot;:[{&quot;id&quot;:&quot;27070&quot;,&quot;code&quot;:&quot;R10&quot;,&quot;slug&quot;:&quot;boissons&quot;,&quot;label&quot;:&quot;Boissons&quot;,&quot;uri&quot;:&quot;boissons&quot;,&quot;type&quot;:&quot;RAYON&quot;,&quot;level&quot;:1,&quot;sellerId&quot;:null},{&quot;id&quot;:&quot;27074&quot;,&quot;code&quot;:&quot;R10F02&quot;,&quot;slug&quot;:&quot;cave-a-vins&quot;,&quot;label&quot;:&quot;Cave \u00e0 vins&quot;,&quot;uri&quot;:&quot;boissons\/cave-a-vins&quot;,&quot;type&quot;:&quot;RAYON&quot;,&quot;level&quot;:2,&quot;sellerId&quot;:null},{&quot;id&quot;:&quot;27107&quot;,&quot;code&quot;:&quot;R10F02SF03&quot;,&quot;slug&quot;:&quot;vins-roses&quot;,&quot;label&quot;:&quot;Vins ros\u00e9s&quot;,&quot;uri&quot;:&quot;boissons\/cave-a-vins\/vins-roses&quot;,&quot;type&quot;:&quot;RAYON&quot;,&quot;level&quot;:3,&quot;sellerId&quot;:null},{&quot;id&quot;:&quot;27164&quot;,&quot;code&quot;:&quot;R10F02SF03SS05&quot;,&quot;slug&quot;:&quot;autres-regions&quot;,&quot;label&quot;:&quot;Autres r\u00e9gions&quot;,&quot;uri&quot;:&quot;boissons\/cave-a-vins\/vins-roses\/autres-regions&quot;,&quot;type&quot;:&quot;RAYON&quot;,&quot;level&quot;:4,&quot;sellerId&quot;:null}],&quot;topCategoryName&quot;:&quot;Boissons&quot;,&quot;images&quot;:[{&quot;largest&quot;:&quot;\/media\/1500x1500\/Photosite\/PGC\/BOISSONS\/3245414726369_PHOTOSITE_20200822_053332_0.jpg?placeholder=1&quot;,&quot;1500x1500&quot;:&quot;\/media\/1500x1500\/Photosite\/PGC\/BOISSONS\/3245414726369_PHOTOSITE_20200822_053332_0.jpg?placeholder=1&quot;,&quot;540x540&quot;:&quot;\/media\/540x540\/Photosite\/PGC\/BOISSONS\/3245414726369_PHOTOSITE_20200822_053332_0.jpg?placeholder=1&quot;,&quot;380x380&quot;:&quot;\/media\/380x380\/Photosite\/PGC\/BOISSONS\/3245414726369_PHOTOSITE_20200822_053332_0.jpg?placeholder=1&quot;,&quot;340x340&quot;:&quot;\/media\/340x340\/Photosite\/PGC\/BOISSONS\/3245414726369_PHOTOSITE_20200822_053332_0.jpg?placeholder=1&quot;,&quot;340x240&quot;:&quot;\/media\/340x240\/Photosite\/PGC\/BOISSONS\/3245414726369_PHOTOSITE_20200822_053332_0.jpg?placeholder=1&quot;,&quot;280x280&quot;:&quot;\/media\/280x280\/Photosite\/PGC\/BOISSONS\/3245414726369_PHOTOSITE_20200822_053332_0.jpg?placeholder=1&quot;,&quot;195x195&quot;:&quot;\/media\/195x195\/Photosite\/PGC\/BOISSONS\/3245414726369_PHOTOSITE_20200822_053332_0.jpg?placeholder=1&quot;,&quot;150x150&quot;:&quot;\/media\/150x150\/Photosite\/PGC\/BOISSONS\/3245414726369_PHOTOSITE_20200822_053332_0.jpg?placeholder=1&quot;,&quot;43x43&quot;:&quot;\/media\/43x43\/Photosite\/PGC\/BOISSONS\/3245414726369_PHOTOSITE_20200822_053332_0.jpg?placeholder=1&quot;}],&quot;promotion&quot;:null,&quot;isDonation&quot;:false,&quot;highlightLabel&quot;:null,&quot;seller&quot;:null,&quot;sellerId&quot;:null,&quot;marketplace&quot;:null,&quot;freshness&quot;:null,&quot;traceability&quot;:null,&quot;flags&quot;:[&quot;flag.common.glutenfree&quot;],&quot;clubs&quot;:[],&quot;packaging&quot;:&quot;la bouteille de 75cL - Vendues Par &quot;,&quot;origin&quot;:&quot;&quot;,&quot;format&quot;:&quot;75cL&quot;},&quot;relationships&quot;:{&quot;substitution&quot;:null},&quot;meta&quot;:{&quot;recommendation&quot;:null,&quot;cta&quot;:&quot;buy&quot;,&quot;features&quot;:{&quot;shoppingList&quot;:true,&quot;deletable&quot;:false,&quot;swap&quot;:false,&quot;feedback&quot;:false,&quot;freshness&quot;:true}},&quot;links&quot;:{&quot;self&quot;:&quot;\/p\/vin-rose-bordeaux-merlot-cabernet-sauvignon-la-cave-d-augustin-florent-3245414726369?t=27074&quot;}}"
  layout="vertical"
  :render-context="{&quot;zone&quot;:&quot;product-list&quot;,&quot;clickAndCollectEnable&quot;:true}"
  >
  <article class="ds-product-card ds-product-card--vertical">
  <div>
              <div class="ds-product-card--vertical-icons">
                <div
  class="add-to-shoppinglist"
  ean="3245414726369"
  is="add-to-shoppinglist"
></div>
      
        
      </div>
        <div class="ds-product-card--vertical-highlightlabel">
      
    </div>
    <div class="ds-product-card--vertical-infos">
      <div class="ds-product-card--vertical-text">
                
<a
  href="/p/vin-rose-bordeaux-merlot-cabernet-sauvignon-la-cave-d-augustin-florent-3245414726369?t=27074"
  title="Vin Rosé Bordeaux Merlot - Cabernet Sauvignon LA CAVE D&#039;AUGUSTIN FLORENT"
  rel=""
  target=""
  class="product-card-title product-card-title__reduced-line-clamp"
>
  

      

<h2 class="ds-title ds-title--s ds-title--medium">
  Vin Rosé Bordeaux Merlot - Cabernet Sauvignon LA CAVE D&#039;AUGUSTIN FLORENT
</h2>
</a>
      
                

    

<div class="ds-body-text ds-body-text--size-s ds-body-text--color-standard-3 product-card-packaging">
      la bouteille de 75cL - Vendues Par 
  </div>
      
                

    

<div class="ds-body-text ds-body-text--size-s ds-body-text--color-standard-3 product-card-per-unit-label">
      4.67 € / Litre
  </div>
      
      </div>
      <div class="ds-product-card--vertical-image">
                
<a
  href="/p/vin-rose-bordeaux-merlot-cabernet-sauvignon-la-cave-d-augustin-florent-3245414726369?t=27074"
  title="Vin Rosé Bordeaux Merlot - Cabernet Sauvignon LA CAVE D&#039;AUGUSTIN FLORENT"
  rel=""
  target=""
  class="product-card-image"
>
  <img
      src="/images/loader-dots.svg"        data-src="/media/280x280/Photosite/PGC/BOISSONS/3245414726369_PHOTOSITE_20200822_053332_0.jpg?placeholder=1"        alt="Vin Rosé Bordeaux Merlot - Cabernet Sauvignon LA CAVE D&#039;AUGUSTIN FLORENT"
  class="image image--hidden image--lazy product-card-image__image"
/>
</a>
      
      </div>
    </div>
          <div class="ds-product-card--vertical-badges">
                

  <ul class="product-badges-list" is="product-badges-list" :flags="[&quot;flag.common.glutenfree&quot;]" :modifiers="[&quot;size-m&quot;]">
                            <li class="product-badges-list__item">
            

<a class="product-badge__link product-badge--flag-common-glutenfr product-badge--size-m" href="#flag.common.glutenfree" data-flag-id="flag.common.glutenfree">
  <picture class="product-badge__icon">
    <img
      src="/images/badges/flag-common-glutenfree.svg"         alt="Sans gluten"
  class="image product-badge__icon__img"
/>
  </picture>
  <span class="product-badge__title">Sans gluten</span>
</a>
          </li>
                    </ul>
      
      </div>
        
    
  </div>
  <div>
    <div class="ds-product-card--vertical-promotion">
      
    </div>
    <div class="ds-product-card--vertical-flex">
              
    

    


<div class="product-card-price">
  <div class="product-card-price__price">
    

    

<span class="ds-title ds-title--m product-card-price__price--final">
  3,50€
</span>

      </div>
</div>
      
      <div class="ds-product-card--vertical-cta">
                  
<form
  is="add-to-cart"
  id="data-produit-acheter"
  class="add-to-cart"
  :product="{&quot;type&quot;:&quot;product&quot;,&quot;id&quot;:&quot;product-3245414726369&quot;,&quot;attributes&quot;:{&quot;ean&quot;:&quot;3245414726369&quot;,&quot;cdbase&quot;:&quot;3741270&quot;,&quot;title&quot;:&quot;Vin Ros\u00e9 Bordeaux Merlot - Cabernet Sauvignon LA CAVE D&#039;AUGUSTIN FLORENT&quot;,&quot;brand&quot;:&quot;CAVE AUGUSTIN FLOREN&quot;,&quot;slug&quot;:&quot;vin-rose-bordeaux-merlot-cabernet-sauvignon-la-cave-d-augustin-florent&quot;,&quot;availability&quot;:{&quot;indispensable&quot;:false,&quot;purchasable&quot;:true,&quot;stopped&quot;:false,&quot;suspended&quot;:false,&quot;suspensionReason&quot;:null,&quot;checkable&quot;:false,&quot;currentStoreOffer&quot;:null},&quot;price&quot;:{&quot;price&quot;:3.5,&quot;unitOfMeasure&quot;:&quot;Litre&quot;,&quot;perUnitLabel&quot;:&quot;4.67 \u20ac \/ Litre&quot;,&quot;taxMessage&quot;:&quot;&quot;,&quot;perUnit&quot;:4.6699999999999999},&quot;ordering&quot;:{&quot;min&quot;:1,&quot;step&quot;:1,&quot;max&quot;:36},&quot;offerServiceId&quot;:&quot;0261-150-6&quot;,&quot;uri&quot;:&quot;boissons\/cave-a-vins\/vins-roses\/autres-regions&quot;,&quot;categories&quot;:[{&quot;id&quot;:&quot;27070&quot;,&quot;code&quot;:&quot;R10&quot;,&quot;slug&quot;:&quot;boissons&quot;,&quot;label&quot;:&quot;Boissons&quot;,&quot;uri&quot;:&quot;boissons&quot;,&quot;type&quot;:&quot;RAYON&quot;,&quot;level&quot;:1,&quot;sellerId&quot;:null},{&quot;id&quot;:&quot;27074&quot;,&quot;code&quot;:&quot;R10F02&quot;,&quot;slug&quot;:&quot;cave-a-vins&quot;,&quot;label&quot;:&quot;Cave \u00e0 vins&quot;,&quot;uri&quot;:&quot;boissons\/cave-a-vins&quot;,&quot;type&quot;:&quot;RAYON&quot;,&quot;level&quot;:2,&quot;sellerId&quot;:null},{&quot;id&quot;:&quot;27107&quot;,&quot;code&quot;:&quot;R10F02SF03&quot;,&quot;slug&quot;:&quot;vins-roses&quot;,&quot;label&quot;:&quot;Vins ros\u00e9s&quot;,&quot;uri&quot;:&quot;boissons\/cave-a-vins\/vins-roses&quot;,&quot;type&quot;:&quot;RAYON&quot;,&quot;level&quot;:3,&quot;sellerId&quot;:null},{&quot;id&quot;:&quot;27164&quot;,&quot;code&quot;:&quot;R10F02SF03SS05&quot;,&quot;slug&quot;:&quot;autres-regions&quot;,&quot;label&quot;:&quot;Autres r\u00e9gions&quot;,&quot;uri&quot;:&quot;boissons\/cave-a-vins\/vins-roses\/autres-regions&quot;,&quot;type&quot;:&quot;RAYON&quot;,&quot;level&quot;:4,&quot;sellerId&quot;:null}],&quot;topCategoryName&quot;:&quot;Boissons&quot;,&quot;images&quot;:[{&quot;largest&quot;:&quot;\/media\/1500x1500\/Photosite\/PGC\/BOISSONS\/3245414726369_PHOTOSITE_20200822_053332_0.jpg?placeholder=1&quot;,&quot;1500x1500&quot;:&quot;\/media\/1500x1500\/Photosite\/PGC\/BOISSONS\/3245414726369_PHOTOSITE_20200822_053332_0.jpg?placeholder=1&quot;,&quot;540x540&quot;:&quot;\/media\/540x540\/Photosite\/PGC\/BOISSONS\/3245414726369_PHOTOSITE_20200822_053332_0.jpg?placeholder=1&quot;,&quot;380x380&quot;:&quot;\/media\/380x380\/Photosite\/PGC\/BOISSONS\/3245414726369_PHOTOSITE_20200822_053332_0.jpg?placeholder=1&quot;,&quot;340x340&quot;:&quot;\/media\/340x340\/Photosite\/PGC\/BOISSONS\/3245414726369_PHOTOSITE_20200822_053332_0.jpg?placeholder=1&quot;,&quot;340x240&quot;:&quot;\/media\/340x240\/Photosite\/PGC\/BOISSONS\/3245414726369_PHOTOSITE_20200822_053332_0.jpg?placeholder=1&quot;,&quot;280x280&quot;:&quot;\/media\/280x280\/Photosite\/PGC\/BOISSONS\/3245414726369_PHOTOSITE_20200822_053332_0.jpg?placeholder=1&quot;,&quot;195x195&quot;:&quot;\/media\/195x195\/Photosite\/PGC\/BOISSONS\/3245414726369_PHOTOSITE_20200822_053332_0.jpg?placeholder=1&quot;,&quot;150x150&quot;:&quot;\/media\/150x150\/Photosite\/PGC\/BOISSONS\/3245414726369_PHOTOSITE_20200822_053332_0.jpg?placeholder=1&quot;,&quot;43x43&quot;:&quot;\/media\/43x43\/Photosite\/PGC\/BOISSONS\/3245414726369_PHOTOSITE_20200822_053332_0.jpg?placeholder=1&quot;}],&quot;promotion&quot;:null,&quot;isDonation&quot;:false,&quot;highlightLabel&quot;:null,&quot;seller&quot;:null,&quot;sellerId&quot;:null,&quot;marketplace&quot;:null,&quot;freshness&quot;:null,&quot;traceability&quot;:null,&quot;flags&quot;:[&quot;flag.common.glutenfree&quot;],&quot;clubs&quot;:[],&quot;packaging&quot;:&quot;la bouteille de 75cL - Vendues Par &quot;,&quot;origin&quot;:&quot;&quot;,&quot;format&quot;:&quot;75cL&quot;},&quot;relationships&quot;:{&quot;substitution&quot;:null},&quot;meta&quot;:{&quot;recommendation&quot;:null,&quot;cta&quot;:&quot;buy&quot;,&quot;features&quot;:{&quot;shoppingList&quot;:true,&quot;deletable&quot;:false,&quot;swap&quot;:false,&quot;feedback&quot;:false,&quot;freshness&quot;:true}},&quot;links&quot;:{&quot;self&quot;:&quot;\/p\/vin-rose-bordeaux-merlot-cabernet-sauvignon-la-cave-d-augustin-florent-3245414726369?t=27074&quot;}}"
  is-click-and-collect=""
  offer-service-id="0261-150-6"
  basket-service-id=""
  :render-context="{&quot;zone&quot;:&quot;product-list&quot;,&quot;clickAndCollectEnable&quot;:true}" >
  

<button
  class="pl-button pl-button--primary"
        
>
      <span class="pl-button__label">
                    </span>
  </button>
</form>

      
      </div>
    </div>
      </div>
</article>
</div>

                    </li>
            
                <li class="product-grid-item " >
    
                        


<div
  is="ds-product-card"
  class="ds-product-card__twigwrap"
  :index="45"
  :product="{&quot;type&quot;:&quot;product&quot;,&quot;id&quot;:&quot;product-3340180011128&quot;,&quot;attributes&quot;:{&quot;ean&quot;:&quot;3340180011128&quot;,&quot;cdbase&quot;:&quot;6792732&quot;,&quot;title&quot;:&quot;Vin Rouge Bourgogne Bougogne Pinot Noir LA MARCHE BOUCHARD AINE &amp; FILS&quot;,&quot;brand&quot;:&quot;REFS.SANS MARQUE&quot;,&quot;slug&quot;:&quot;vin-rouge-bourgogne-bougogne-pinot-noir-la-marche-bouchard-aine-fils&quot;,&quot;availability&quot;:{&quot;indispensable&quot;:false,&quot;purchasable&quot;:true,&quot;stopped&quot;:false,&quot;suspended&quot;:false,&quot;suspensionReason&quot;:null,&quot;checkable&quot;:false,&quot;currentStoreOffer&quot;:null},&quot;price&quot;:{&quot;price&quot;:8.5500000000000007,&quot;unitOfMeasure&quot;:&quot;Litre&quot;,&quot;perUnitLabel&quot;:&quot;11.40 \u20ac \/ Litre&quot;,&quot;taxMessage&quot;:&quot;&quot;,&quot;perUnit&quot;:11.4},&quot;ordering&quot;:{&quot;min&quot;:1,&quot;step&quot;:1,&quot;max&quot;:36},&quot;offerServiceId&quot;:&quot;0261-150-6&quot;,&quot;uri&quot;:&quot;boissons\/cave-a-vins\/vins-rouges\/bourgogne&quot;,&quot;categories&quot;:[{&quot;id&quot;:&quot;27070&quot;,&quot;code&quot;:&quot;R10&quot;,&quot;slug&quot;:&quot;boissons&quot;,&quot;label&quot;:&quot;Boissons&quot;,&quot;uri&quot;:&quot;boissons&quot;,&quot;type&quot;:&quot;RAYON&quot;,&quot;level&quot;:1,&quot;sellerId&quot;:null},{&quot;id&quot;:&quot;27074&quot;,&quot;code&quot;:&quot;R10F02&quot;,&quot;slug&quot;:&quot;cave-a-vins&quot;,&quot;label&quot;:&quot;Cave \u00e0 vins&quot;,&quot;uri&quot;:&quot;boissons\/cave-a-vins&quot;,&quot;type&quot;:&quot;RAYON&quot;,&quot;level&quot;:2,&quot;sellerId&quot;:null},{&quot;id&quot;:&quot;27105&quot;,&quot;code&quot;:&quot;R10F02SF01&quot;,&quot;slug&quot;:&quot;vins-rouges&quot;,&quot;label&quot;:&quot;Vins rouges&quot;,&quot;uri&quot;:&quot;boissons\/cave-a-vins\/vins-rouges&quot;,&quot;type&quot;:&quot;RAYON&quot;,&quot;level&quot;:3,&quot;sellerId&quot;:null},{&quot;id&quot;:&quot;27144&quot;,&quot;code&quot;:&quot;R10F02SF01SS04&quot;,&quot;slug&quot;:&quot;bourgogne&quot;,&quot;label&quot;:&quot;Bourgogne&quot;,&quot;uri&quot;:&quot;boissons\/cave-a-vins\/vins-rouges\/bourgogne&quot;,&quot;type&quot;:&quot;RAYON&quot;,&quot;level&quot;:4,&quot;sellerId&quot;:null}],&quot;topCategoryName&quot;:&quot;Boissons&quot;,&quot;images&quot;:[{&quot;largest&quot;:&quot;\/media\/1500x1500\/Photosite\/PGC\/BOISSONS\/3340180011128_PHOTOSITE_20201230_054319_0.jpg?placeholder=1&quot;,&quot;1500x1500&quot;:&quot;\/media\/1500x1500\/Photosite\/PGC\/BOISSONS\/3340180011128_PHOTOSITE_20201230_054319_0.jpg?placeholder=1&quot;,&quot;540x540&quot;:&quot;\/media\/540x540\/Photosite\/PGC\/BOISSONS\/3340180011128_PHOTOSITE_20201230_054319_0.jpg?placeholder=1&quot;,&quot;380x380&quot;:&quot;\/media\/380x380\/Photosite\/PGC\/BOISSONS\/3340180011128_PHOTOSITE_20201230_054319_0.jpg?placeholder=1&quot;,&quot;340x340&quot;:&quot;\/media\/340x340\/Photosite\/PGC\/BOISSONS\/3340180011128_PHOTOSITE_20201230_054319_0.jpg?placeholder=1&quot;,&quot;340x240&quot;:&quot;\/media\/340x240\/Photosite\/PGC\/BOISSONS\/3340180011128_PHOTOSITE_20201230_054319_0.jpg?placeholder=1&quot;,&quot;280x280&quot;:&quot;\/media\/280x280\/Photosite\/PGC\/BOISSONS\/3340180011128_PHOTOSITE_20201230_054319_0.jpg?placeholder=1&quot;,&quot;195x195&quot;:&quot;\/media\/195x195\/Photosite\/PGC\/BOISSONS\/3340180011128_PHOTOSITE_20201230_054319_0.jpg?placeholder=1&quot;,&quot;150x150&quot;:&quot;\/media\/150x150\/Photosite\/PGC\/BOISSONS\/3340180011128_PHOTOSITE_20201230_054319_0.jpg?placeholder=1&quot;,&quot;43x43&quot;:&quot;\/media\/43x43\/Photosite\/PGC\/BOISSONS\/3340180011128_PHOTOSITE_20201230_054319_0.jpg?placeholder=1&quot;}],&quot;promotion&quot;:null,&quot;isDonation&quot;:false,&quot;highlightLabel&quot;:null,&quot;seller&quot;:null,&quot;sellerId&quot;:null,&quot;marketplace&quot;:null,&quot;freshness&quot;:null,&quot;traceability&quot;:null,&quot;flags&quot;:[],&quot;clubs&quot;:[],&quot;packaging&quot;:&quot;la bouteille de 75cL&quot;,&quot;origin&quot;:&quot;&quot;,&quot;format&quot;:&quot;75cL&quot;},&quot;relationships&quot;:{&quot;substitution&quot;:null},&quot;meta&quot;:{&quot;recommendation&quot;:null,&quot;cta&quot;:&quot;buy&quot;,&quot;features&quot;:{&quot;shoppingList&quot;:true,&quot;deletable&quot;:false,&quot;swap&quot;:false,&quot;feedback&quot;:false,&quot;freshness&quot;:true}},&quot;links&quot;:{&quot;self&quot;:&quot;\/p\/vin-rouge-bourgogne-bougogne-pinot-noir-la-marche-bouchard-aine-fils-3340180011128?t=27074&quot;}}"
  layout="vertical"
  :render-context="{&quot;zone&quot;:&quot;product-list&quot;,&quot;clickAndCollectEnable&quot;:true}"
  >
  <article class="ds-product-card ds-product-card--vertical">
  <div>
              <div class="ds-product-card--vertical-icons">
                <div
  class="add-to-shoppinglist"
  ean="3340180011128"
  is="add-to-shoppinglist"
></div>
      
        
      </div>
        <div class="ds-product-card--vertical-highlightlabel">
      
    </div>
    <div class="ds-product-card--vertical-infos">
      <div class="ds-product-card--vertical-text">
                
<a
  href="/p/vin-rouge-bourgogne-bougogne-pinot-noir-la-marche-bouchard-aine-fils-3340180011128?t=27074"
  title="Vin Rouge Bourgogne Bougogne Pinot Noir LA MARCHE BOUCHARD AINE &amp; FILS"
  rel=""
  target=""
  class="product-card-title product-card-title__reduced-line-clamp"
>
  

      

<h2 class="ds-title ds-title--s ds-title--medium">
  Vin Rouge Bourgogne Bougogne Pinot Noir LA MARCHE BOUCHARD AINE &amp; FILS
</h2>
</a>
      
                

    

<div class="ds-body-text ds-body-text--size-s ds-body-text--color-standard-3 product-card-packaging">
      la bouteille de 75cL
  </div>
      
                

    

<div class="ds-body-text ds-body-text--size-s ds-body-text--color-standard-3 product-card-per-unit-label">
      11.40 € / Litre
  </div>
      
      </div>
      <div class="ds-product-card--vertical-image">
                
<a
  href="/p/vin-rouge-bourgogne-bougogne-pinot-noir-la-marche-bouchard-aine-fils-3340180011128?t=27074"
  title="Vin Rouge Bourgogne Bougogne Pinot Noir LA MARCHE BOUCHARD AINE &amp; FILS"
  rel=""
  target=""
  class="product-card-image"
>
  <img
      src="/images/loader-dots.svg"        data-src="/media/280x280/Photosite/PGC/BOISSONS/3340180011128_PHOTOSITE_20201230_054319_0.jpg?placeholder=1"        alt="Vin Rouge Bourgogne Bougogne Pinot Noir LA MARCHE BOUCHARD AINE &amp; FILS"
  class="image image--hidden image--lazy product-card-image__image"
/>
</a>
      
      </div>
    </div>
        
    
  </div>
  <div>
    <div class="ds-product-card--vertical-promotion">
      
    </div>
    <div class="ds-product-card--vertical-flex">
              
    

    


<div class="product-card-price">
  <div class="product-card-price__price">
    

    

<span class="ds-title ds-title--m product-card-price__price--final">
  8,55€
</span>

      </div>
</div>
      
      <div class="ds-product-card--vertical-cta">
                  
<form
  is="add-to-cart"
  id="data-produit-acheter"
  class="add-to-cart"
  :product="{&quot;type&quot;:&quot;product&quot;,&quot;id&quot;:&quot;product-3340180011128&quot;,&quot;attributes&quot;:{&quot;ean&quot;:&quot;3340180011128&quot;,&quot;cdbase&quot;:&quot;6792732&quot;,&quot;title&quot;:&quot;Vin Rouge Bourgogne Bougogne Pinot Noir LA MARCHE BOUCHARD AINE &amp; FILS&quot;,&quot;brand&quot;:&quot;REFS.SANS MARQUE&quot;,&quot;slug&quot;:&quot;vin-rouge-bourgogne-bougogne-pinot-noir-la-marche-bouchard-aine-fils&quot;,&quot;availability&quot;:{&quot;indispensable&quot;:false,&quot;purchasable&quot;:true,&quot;stopped&quot;:false,&quot;suspended&quot;:false,&quot;suspensionReason&quot;:null,&quot;checkable&quot;:false,&quot;currentStoreOffer&quot;:null},&quot;price&quot;:{&quot;price&quot;:8.5500000000000007,&quot;unitOfMeasure&quot;:&quot;Litre&quot;,&quot;perUnitLabel&quot;:&quot;11.40 \u20ac \/ Litre&quot;,&quot;taxMessage&quot;:&quot;&quot;,&quot;perUnit&quot;:11.4},&quot;ordering&quot;:{&quot;min&quot;:1,&quot;step&quot;:1,&quot;max&quot;:36},&quot;offerServiceId&quot;:&quot;0261-150-6&quot;,&quot;uri&quot;:&quot;boissons\/cave-a-vins\/vins-rouges\/bourgogne&quot;,&quot;categories&quot;:[{&quot;id&quot;:&quot;27070&quot;,&quot;code&quot;:&quot;R10&quot;,&quot;slug&quot;:&quot;boissons&quot;,&quot;label&quot;:&quot;Boissons&quot;,&quot;uri&quot;:&quot;boissons&quot;,&quot;type&quot;:&quot;RAYON&quot;,&quot;level&quot;:1,&quot;sellerId&quot;:null},{&quot;id&quot;:&quot;27074&quot;,&quot;code&quot;:&quot;R10F02&quot;,&quot;slug&quot;:&quot;cave-a-vins&quot;,&quot;label&quot;:&quot;Cave \u00e0 vins&quot;,&quot;uri&quot;:&quot;boissons\/cave-a-vins&quot;,&quot;type&quot;:&quot;RAYON&quot;,&quot;level&quot;:2,&quot;sellerId&quot;:null},{&quot;id&quot;:&quot;27105&quot;,&quot;code&quot;:&quot;R10F02SF01&quot;,&quot;slug&quot;:&quot;vins-rouges&quot;,&quot;label&quot;:&quot;Vins rouges&quot;,&quot;uri&quot;:&quot;boissons\/cave-a-vins\/vins-rouges&quot;,&quot;type&quot;:&quot;RAYON&quot;,&quot;level&quot;:3,&quot;sellerId&quot;:null},{&quot;id&quot;:&quot;27144&quot;,&quot;code&quot;:&quot;R10F02SF01SS04&quot;,&quot;slug&quot;:&quot;bourgogne&quot;,&quot;label&quot;:&quot;Bourgogne&quot;,&quot;uri&quot;:&quot;boissons\/cave-a-vins\/vins-rouges\/bourgogne&quot;,&quot;type&quot;:&quot;RAYON&quot;,&quot;level&quot;:4,&quot;sellerId&quot;:null}],&quot;topCategoryName&quot;:&quot;Boissons&quot;,&quot;images&quot;:[{&quot;largest&quot;:&quot;\/media\/1500x1500\/Photosite\/PGC\/BOISSONS\/3340180011128_PHOTOSITE_20201230_054319_0.jpg?placeholder=1&quot;,&quot;1500x1500&quot;:&quot;\/media\/1500x1500\/Photosite\/PGC\/BOISSONS\/3340180011128_PHOTOSITE_20201230_054319_0.jpg?placeholder=1&quot;,&quot;540x540&quot;:&quot;\/media\/540x540\/Photosite\/PGC\/BOISSONS\/3340180011128_PHOTOSITE_20201230_054319_0.jpg?placeholder=1&quot;,&quot;380x380&quot;:&quot;\/media\/380x380\/Photosite\/PGC\/BOISSONS\/3340180011128_PHOTOSITE_20201230_054319_0.jpg?placeholder=1&quot;,&quot;340x340&quot;:&quot;\/media\/340x340\/Photosite\/PGC\/BOISSONS\/3340180011128_PHOTOSITE_20201230_054319_0.jpg?placeholder=1&quot;,&quot;340x240&quot;:&quot;\/media\/340x240\/Photosite\/PGC\/BOISSONS\/3340180011128_PHOTOSITE_20201230_054319_0.jpg?placeholder=1&quot;,&quot;280x280&quot;:&quot;\/media\/280x280\/Photosite\/PGC\/BOISSONS\/3340180011128_PHOTOSITE_20201230_054319_0.jpg?placeholder=1&quot;,&quot;195x195&quot;:&quot;\/media\/195x195\/Photosite\/PGC\/BOISSONS\/3340180011128_PHOTOSITE_20201230_054319_0.jpg?placeholder=1&quot;,&quot;150x150&quot;:&quot;\/media\/150x150\/Photosite\/PGC\/BOISSONS\/3340180011128_PHOTOSITE_20201230_054319_0.jpg?placeholder=1&quot;,&quot;43x43&quot;:&quot;\/media\/43x43\/Photosite\/PGC\/BOISSONS\/3340180011128_PHOTOSITE_20201230_054319_0.jpg?placeholder=1&quot;}],&quot;promotion&quot;:null,&quot;isDonation&quot;:false,&quot;highlightLabel&quot;:null,&quot;seller&quot;:null,&quot;sellerId&quot;:null,&quot;marketplace&quot;:null,&quot;freshness&quot;:null,&quot;traceability&quot;:null,&quot;flags&quot;:[],&quot;clubs&quot;:[],&quot;packaging&quot;:&quot;la bouteille de 75cL&quot;,&quot;origin&quot;:&quot;&quot;,&quot;format&quot;:&quot;75cL&quot;},&quot;relationships&quot;:{&quot;substitution&quot;:null},&quot;meta&quot;:{&quot;recommendation&quot;:null,&quot;cta&quot;:&quot;buy&quot;,&quot;features&quot;:{&quot;shoppingList&quot;:true,&quot;deletable&quot;:false,&quot;swap&quot;:false,&quot;feedback&quot;:false,&quot;freshness&quot;:true}},&quot;links&quot;:{&quot;self&quot;:&quot;\/p\/vin-rouge-bourgogne-bougogne-pinot-noir-la-marche-bouchard-aine-fils-3340180011128?t=27074&quot;}}"
  is-click-and-collect=""
  offer-service-id="0261-150-6"
  basket-service-id=""
  :render-context="{&quot;zone&quot;:&quot;product-list&quot;,&quot;clickAndCollectEnable&quot;:true}" >
  

<button
  class="pl-button pl-button--primary"
        
>
      <span class="pl-button__label">
                    </span>
  </button>
</form>

      
      </div>
    </div>
      </div>
</article>
</div>

                    </li>
            
                <li class="product-grid-item " >
    
                        


<div
  is="ds-product-card"
  class="ds-product-card__twigwrap"
  :index="46"
  :product="{&quot;type&quot;:&quot;product&quot;,&quot;id&quot;:&quot;product-3423290175468&quot;,&quot;attributes&quot;:{&quot;ean&quot;:&quot;3423290175468&quot;,&quot;cdbase&quot;:&quot;5477375&quot;,&quot;title&quot;:&quot;Vin rouge M\u00e9doc PRODUCTA VIGNOBLES&quot;,&quot;brand&quot;:&quot;REFS.SANS MARQUE&quot;,&quot;slug&quot;:&quot;vin-rouge-medoc-producta-vignobles&quot;,&quot;availability&quot;:{&quot;indispensable&quot;:false,&quot;purchasable&quot;:true,&quot;stopped&quot;:false,&quot;suspended&quot;:false,&quot;suspensionReason&quot;:null,&quot;checkable&quot;:false,&quot;currentStoreOffer&quot;:null},&quot;price&quot;:{&quot;price&quot;:7.5,&quot;unitOfMeasure&quot;:&quot;Litre&quot;,&quot;perUnitLabel&quot;:&quot;10.00 \u20ac \/ Litre&quot;,&quot;taxMessage&quot;:&quot;&quot;,&quot;perUnit&quot;:10},&quot;ordering&quot;:{&quot;min&quot;:1,&quot;step&quot;:1,&quot;max&quot;:36},&quot;offerServiceId&quot;:&quot;0261-150-6&quot;,&quot;uri&quot;:&quot;boissons\/cave-a-vins\/vins-rouges\/bordeaux&quot;,&quot;categories&quot;:[{&quot;id&quot;:&quot;27070&quot;,&quot;code&quot;:&quot;R10&quot;,&quot;slug&quot;:&quot;boissons&quot;,&quot;label&quot;:&quot;Boissons&quot;,&quot;uri&quot;:&quot;boissons&quot;,&quot;type&quot;:&quot;RAYON&quot;,&quot;level&quot;:1,&quot;sellerId&quot;:null},{&quot;id&quot;:&quot;27074&quot;,&quot;code&quot;:&quot;R10F02&quot;,&quot;slug&quot;:&quot;cave-a-vins&quot;,&quot;label&quot;:&quot;Cave \u00e0 vins&quot;,&quot;uri&quot;:&quot;boissons\/cave-a-vins&quot;,&quot;type&quot;:&quot;RAYON&quot;,&quot;level&quot;:2,&quot;sellerId&quot;:null},{&quot;id&quot;:&quot;27105&quot;,&quot;code&quot;:&quot;R10F02SF01&quot;,&quot;slug&quot;:&quot;vins-rouges&quot;,&quot;label&quot;:&quot;Vins rouges&quot;,&quot;uri&quot;:&quot;boissons\/cave-a-vins\/vins-rouges&quot;,&quot;type&quot;:&quot;RAYON&quot;,&quot;level&quot;:3,&quot;sellerId&quot;:null},{&quot;id&quot;:&quot;27141&quot;,&quot;code&quot;:&quot;R10F02SF01SS01&quot;,&quot;slug&quot;:&quot;bordeaux&quot;,&quot;label&quot;:&quot;Bordeaux&quot;,&quot;uri&quot;:&quot;boissons\/cave-a-vins\/vins-rouges\/bordeaux&quot;,&quot;type&quot;:&quot;RAYON&quot;,&quot;level&quot;:4,&quot;sellerId&quot;:null}],&quot;topCategoryName&quot;:&quot;Boissons&quot;,&quot;images&quot;:[{&quot;largest&quot;:&quot;\/media\/1500x1500\/Photosite\/PGC\/BOISSONS\/3423290175468_PHOTOSITE_20161010_082436_0.jpg?placeholder=1&quot;,&quot;1500x1500&quot;:&quot;\/media\/1500x1500\/Photosite\/PGC\/BOISSONS\/3423290175468_PHOTOSITE_20161010_082436_0.jpg?placeholder=1&quot;,&quot;540x540&quot;:&quot;\/media\/540x540\/Photosite\/PGC\/BOISSONS\/3423290175468_PHOTOSITE_20161010_082436_0.jpg?placeholder=1&quot;,&quot;380x380&quot;:&quot;\/media\/380x380\/Photosite\/PGC\/BOISSONS\/3423290175468_PHOTOSITE_20161010_082436_0.jpg?placeholder=1&quot;,&quot;340x340&quot;:&quot;\/media\/340x340\/Photosite\/PGC\/BOISSONS\/3423290175468_PHOTOSITE_20161010_082436_0.jpg?placeholder=1&quot;,&quot;340x240&quot;:&quot;\/media\/340x240\/Photosite\/PGC\/BOISSONS\/3423290175468_PHOTOSITE_20161010_082436_0.jpg?placeholder=1&quot;,&quot;280x280&quot;:&quot;\/media\/280x280\/Photosite\/PGC\/BOISSONS\/3423290175468_PHOTOSITE_20161010_082436_0.jpg?placeholder=1&quot;,&quot;195x195&quot;:&quot;\/media\/195x195\/Photosite\/PGC\/BOISSONS\/3423290175468_PHOTOSITE_20161010_082436_0.jpg?placeholder=1&quot;,&quot;150x150&quot;:&quot;\/media\/150x150\/Photosite\/PGC\/BOISSONS\/3423290175468_PHOTOSITE_20161010_082436_0.jpg?placeholder=1&quot;,&quot;43x43&quot;:&quot;\/media\/43x43\/Photosite\/PGC\/BOISSONS\/3423290175468_PHOTOSITE_20161010_082436_0.jpg?placeholder=1&quot;},{&quot;largest&quot;:&quot;\/media\/1500x1500\/Photosite\/PGC\/BOISSONS\/3423290175468_PHOTOSITE_20161010_082436_7.jpg?placeholder=1&quot;,&quot;1500x1500&quot;:&quot;\/media\/1500x1500\/Photosite\/PGC\/BOISSONS\/3423290175468_PHOTOSITE_20161010_082436_7.jpg?placeholder=1&quot;,&quot;540x540&quot;:&quot;\/media\/540x540\/Photosite\/PGC\/BOISSONS\/3423290175468_PHOTOSITE_20161010_082436_7.jpg?placeholder=1&quot;,&quot;380x380&quot;:&quot;\/media\/380x380\/Photosite\/PGC\/BOISSONS\/3423290175468_PHOTOSITE_20161010_082436_7.jpg?placeholder=1&quot;,&quot;340x340&quot;:&quot;\/media\/340x340\/Photosite\/PGC\/BOISSONS\/3423290175468_PHOTOSITE_20161010_082436_7.jpg?placeholder=1&quot;,&quot;340x240&quot;:&quot;\/media\/340x240\/Photosite\/PGC\/BOISSONS\/3423290175468_PHOTOSITE_20161010_082436_7.jpg?placeholder=1&quot;,&quot;280x280&quot;:&quot;\/media\/280x280\/Photosite\/PGC\/BOISSONS\/3423290175468_PHOTOSITE_20161010_082436_7.jpg?placeholder=1&quot;,&quot;195x195&quot;:&quot;\/media\/195x195\/Photosite\/PGC\/BOISSONS\/3423290175468_PHOTOSITE_20161010_082436_7.jpg?placeholder=1&quot;,&quot;150x150&quot;:&quot;\/media\/150x150\/Photosite\/PGC\/BOISSONS\/3423290175468_PHOTOSITE_20161010_082436_7.jpg?placeholder=1&quot;,&quot;43x43&quot;:&quot;\/media\/43x43\/Photosite\/PGC\/BOISSONS\/3423290175468_PHOTOSITE_20161010_082436_7.jpg?placeholder=1&quot;}],&quot;promotion&quot;:null,&quot;isDonation&quot;:false,&quot;highlightLabel&quot;:null,&quot;seller&quot;:null,&quot;sellerId&quot;:null,&quot;marketplace&quot;:null,&quot;freshness&quot;:null,&quot;traceability&quot;:null,&quot;flags&quot;:[],&quot;clubs&quot;:[],&quot;packaging&quot;:&quot;la bouteille de 75cL&quot;,&quot;origin&quot;:&quot;&quot;,&quot;format&quot;:&quot;75cL&quot;},&quot;relationships&quot;:{&quot;substitution&quot;:null},&quot;meta&quot;:{&quot;recommendation&quot;:null,&quot;cta&quot;:&quot;buy&quot;,&quot;features&quot;:{&quot;shoppingList&quot;:true,&quot;deletable&quot;:false,&quot;swap&quot;:false,&quot;feedback&quot;:false,&quot;freshness&quot;:true}},&quot;links&quot;:{&quot;self&quot;:&quot;\/p\/vin-rouge-medoc-producta-vignobles-3423290175468?t=27074&quot;}}"
  layout="vertical"
  :render-context="{&quot;zone&quot;:&quot;product-list&quot;,&quot;clickAndCollectEnable&quot;:true}"
  >
  <article class="ds-product-card ds-product-card--vertical">
  <div>
              <div class="ds-product-card--vertical-icons">
                <div
  class="add-to-shoppinglist"
  ean="3423290175468"
  is="add-to-shoppinglist"
></div>
      
        
      </div>
        <div class="ds-product-card--vertical-highlightlabel">
      
    </div>
    <div class="ds-product-card--vertical-infos">
      <div class="ds-product-card--vertical-text">
                
<a
  href="/p/vin-rouge-medoc-producta-vignobles-3423290175468?t=27074"
  title="Vin rouge Médoc PRODUCTA VIGNOBLES"
  rel=""
  target=""
  class="product-card-title product-card-title__reduced-line-clamp"
>
  

      

<h2 class="ds-title ds-title--s ds-title--medium">
  Vin rouge Médoc PRODUCTA VIGNOBLES
</h2>
</a>
      
                

    

<div class="ds-body-text ds-body-text--size-s ds-body-text--color-standard-3 product-card-packaging">
      la bouteille de 75cL
  </div>
      
                

    

<div class="ds-body-text ds-body-text--size-s ds-body-text--color-standard-3 product-card-per-unit-label">
      10.00 € / Litre
  </div>
      
      </div>
      <div class="ds-product-card--vertical-image">
                
<a
  href="/p/vin-rouge-medoc-producta-vignobles-3423290175468?t=27074"
  title="Vin rouge Médoc PRODUCTA VIGNOBLES"
  rel=""
  target=""
  class="product-card-image"
>
  <img
      src="/images/loader-dots.svg"        data-src="/media/280x280/Photosite/PGC/BOISSONS/3423290175468_PHOTOSITE_20161010_082436_0.jpg?placeholder=1"        alt="Vin rouge Médoc PRODUCTA VIGNOBLES"
  class="image image--hidden image--lazy product-card-image__image"
/>
</a>
      
      </div>
    </div>
        
    
  </div>
  <div>
    <div class="ds-product-card--vertical-promotion">
      
    </div>
    <div class="ds-product-card--vertical-flex">
              
    

    


<div class="product-card-price">
  <div class="product-card-price__price">
    

    

<span class="ds-title ds-title--m product-card-price__price--final">
  7,50€
</span>

      </div>
</div>
      
      <div class="ds-product-card--vertical-cta">
                  
<form
  is="add-to-cart"
  id="data-produit-acheter"
  class="add-to-cart"
  :product="{&quot;type&quot;:&quot;product&quot;,&quot;id&quot;:&quot;product-3423290175468&quot;,&quot;attributes&quot;:{&quot;ean&quot;:&quot;3423290175468&quot;,&quot;cdbase&quot;:&quot;5477375&quot;,&quot;title&quot;:&quot;Vin rouge M\u00e9doc PRODUCTA VIGNOBLES&quot;,&quot;brand&quot;:&quot;REFS.SANS MARQUE&quot;,&quot;slug&quot;:&quot;vin-rouge-medoc-producta-vignobles&quot;,&quot;availability&quot;:{&quot;indispensable&quot;:false,&quot;purchasable&quot;:true,&quot;stopped&quot;:false,&quot;suspended&quot;:false,&quot;suspensionReason&quot;:null,&quot;checkable&quot;:false,&quot;currentStoreOffer&quot;:null},&quot;price&quot;:{&quot;price&quot;:7.5,&quot;unitOfMeasure&quot;:&quot;Litre&quot;,&quot;perUnitLabel&quot;:&quot;10.00 \u20ac \/ Litre&quot;,&quot;taxMessage&quot;:&quot;&quot;,&quot;perUnit&quot;:10},&quot;ordering&quot;:{&quot;min&quot;:1,&quot;step&quot;:1,&quot;max&quot;:36},&quot;offerServiceId&quot;:&quot;0261-150-6&quot;,&quot;uri&quot;:&quot;boissons\/cave-a-vins\/vins-rouges\/bordeaux&quot;,&quot;categories&quot;:[{&quot;id&quot;:&quot;27070&quot;,&quot;code&quot;:&quot;R10&quot;,&quot;slug&quot;:&quot;boissons&quot;,&quot;label&quot;:&quot;Boissons&quot;,&quot;uri&quot;:&quot;boissons&quot;,&quot;type&quot;:&quot;RAYON&quot;,&quot;level&quot;:1,&quot;sellerId&quot;:null},{&quot;id&quot;:&quot;27074&quot;,&quot;code&quot;:&quot;R10F02&quot;,&quot;slug&quot;:&quot;cave-a-vins&quot;,&quot;label&quot;:&quot;Cave \u00e0 vins&quot;,&quot;uri&quot;:&quot;boissons\/cave-a-vins&quot;,&quot;type&quot;:&quot;RAYON&quot;,&quot;level&quot;:2,&quot;sellerId&quot;:null},{&quot;id&quot;:&quot;27105&quot;,&quot;code&quot;:&quot;R10F02SF01&quot;,&quot;slug&quot;:&quot;vins-rouges&quot;,&quot;label&quot;:&quot;Vins rouges&quot;,&quot;uri&quot;:&quot;boissons\/cave-a-vins\/vins-rouges&quot;,&quot;type&quot;:&quot;RAYON&quot;,&quot;level&quot;:3,&quot;sellerId&quot;:null},{&quot;id&quot;:&quot;27141&quot;,&quot;code&quot;:&quot;R10F02SF01SS01&quot;,&quot;slug&quot;:&quot;bordeaux&quot;,&quot;label&quot;:&quot;Bordeaux&quot;,&quot;uri&quot;:&quot;boissons\/cave-a-vins\/vins-rouges\/bordeaux&quot;,&quot;type&quot;:&quot;RAYON&quot;,&quot;level&quot;:4,&quot;sellerId&quot;:null}],&quot;topCategoryName&quot;:&quot;Boissons&quot;,&quot;images&quot;:[{&quot;largest&quot;:&quot;\/media\/1500x1500\/Photosite\/PGC\/BOISSONS\/3423290175468_PHOTOSITE_20161010_082436_0.jpg?placeholder=1&quot;,&quot;1500x1500&quot;:&quot;\/media\/1500x1500\/Photosite\/PGC\/BOISSONS\/3423290175468_PHOTOSITE_20161010_082436_0.jpg?placeholder=1&quot;,&quot;540x540&quot;:&quot;\/media\/540x540\/Photosite\/PGC\/BOISSONS\/3423290175468_PHOTOSITE_20161010_082436_0.jpg?placeholder=1&quot;,&quot;380x380&quot;:&quot;\/media\/380x380\/Photosite\/PGC\/BOISSONS\/3423290175468_PHOTOSITE_20161010_082436_0.jpg?placeholder=1&quot;,&quot;340x340&quot;:&quot;\/media\/340x340\/Photosite\/PGC\/BOISSONS\/3423290175468_PHOTOSITE_20161010_082436_0.jpg?placeholder=1&quot;,&quot;340x240&quot;:&quot;\/media\/340x240\/Photosite\/PGC\/BOISSONS\/3423290175468_PHOTOSITE_20161010_082436_0.jpg?placeholder=1&quot;,&quot;280x280&quot;:&quot;\/media\/280x280\/Photosite\/PGC\/BOISSONS\/3423290175468_PHOTOSITE_20161010_082436_0.jpg?placeholder=1&quot;,&quot;195x195&quot;:&quot;\/media\/195x195\/Photosite\/PGC\/BOISSONS\/3423290175468_PHOTOSITE_20161010_082436_0.jpg?placeholder=1&quot;,&quot;150x150&quot;:&quot;\/media\/150x150\/Photosite\/PGC\/BOISSONS\/3423290175468_PHOTOSITE_20161010_082436_0.jpg?placeholder=1&quot;,&quot;43x43&quot;:&quot;\/media\/43x43\/Photosite\/PGC\/BOISSONS\/3423290175468_PHOTOSITE_20161010_082436_0.jpg?placeholder=1&quot;},{&quot;largest&quot;:&quot;\/media\/1500x1500\/Photosite\/PGC\/BOISSONS\/3423290175468_PHOTOSITE_20161010_082436_7.jpg?placeholder=1&quot;,&quot;1500x1500&quot;:&quot;\/media\/1500x1500\/Photosite\/PGC\/BOISSONS\/3423290175468_PHOTOSITE_20161010_082436_7.jpg?placeholder=1&quot;,&quot;540x540&quot;:&quot;\/media\/540x540\/Photosite\/PGC\/BOISSONS\/3423290175468_PHOTOSITE_20161010_082436_7.jpg?placeholder=1&quot;,&quot;380x380&quot;:&quot;\/media\/380x380\/Photosite\/PGC\/BOISSONS\/3423290175468_PHOTOSITE_20161010_082436_7.jpg?placeholder=1&quot;,&quot;340x340&quot;:&quot;\/media\/340x340\/Photosite\/PGC\/BOISSONS\/3423290175468_PHOTOSITE_20161010_082436_7.jpg?placeholder=1&quot;,&quot;340x240&quot;:&quot;\/media\/340x240\/Photosite\/PGC\/BOISSONS\/3423290175468_PHOTOSITE_20161010_082436_7.jpg?placeholder=1&quot;,&quot;280x280&quot;:&quot;\/media\/280x280\/Photosite\/PGC\/BOISSONS\/3423290175468_PHOTOSITE_20161010_082436_7.jpg?placeholder=1&quot;,&quot;195x195&quot;:&quot;\/media\/195x195\/Photosite\/PGC\/BOISSONS\/3423290175468_PHOTOSITE_20161010_082436_7.jpg?placeholder=1&quot;,&quot;150x150&quot;:&quot;\/media\/150x150\/Photosite\/PGC\/BOISSONS\/3423290175468_PHOTOSITE_20161010_082436_7.jpg?placeholder=1&quot;,&quot;43x43&quot;:&quot;\/media\/43x43\/Photosite\/PGC\/BOISSONS\/3423290175468_PHOTOSITE_20161010_082436_7.jpg?placeholder=1&quot;}],&quot;promotion&quot;:null,&quot;isDonation&quot;:false,&quot;highlightLabel&quot;:null,&quot;seller&quot;:null,&quot;sellerId&quot;:null,&quot;marketplace&quot;:null,&quot;freshness&quot;:null,&quot;traceability&quot;:null,&quot;flags&quot;:[],&quot;clubs&quot;:[],&quot;packaging&quot;:&quot;la bouteille de 75cL&quot;,&quot;origin&quot;:&quot;&quot;,&quot;format&quot;:&quot;75cL&quot;},&quot;relationships&quot;:{&quot;substitution&quot;:null},&quot;meta&quot;:{&quot;recommendation&quot;:null,&quot;cta&quot;:&quot;buy&quot;,&quot;features&quot;:{&quot;shoppingList&quot;:true,&quot;deletable&quot;:false,&quot;swap&quot;:false,&quot;feedback&quot;:false,&quot;freshness&quot;:true}},&quot;links&quot;:{&quot;self&quot;:&quot;\/p\/vin-rouge-medoc-producta-vignobles-3423290175468?t=27074&quot;}}"
  is-click-and-collect=""
  offer-service-id="0261-150-6"
  basket-service-id=""
  :render-context="{&quot;zone&quot;:&quot;product-list&quot;,&quot;clickAndCollectEnable&quot;:true}" >
  

<button
  class="pl-button pl-button--primary"
        
>
      <span class="pl-button__label">
                    </span>
  </button>
</form>

      
      </div>
    </div>
      </div>
</article>
</div>

                    </li>
            
                <li class="product-grid-item " >
    
                        


<div
  is="ds-product-card"
  class="ds-product-card__twigwrap"
  :index="47"
  :product="{&quot;type&quot;:&quot;product&quot;,&quot;id&quot;:&quot;product-3245414819917&quot;,&quot;attributes&quot;:{&quot;ean&quot;:&quot;3245414819917&quot;,&quot;cdbase&quot;:&quot;3781449&quot;,&quot;title&quot;:&quot;Vin rouge C\u00f4tes du Rh\u00f4ne Villages Laudun CAVE AUGUSTIN FLORENT&quot;,&quot;brand&quot;:&quot;CAVE AUGUSTIN FLOREN&quot;,&quot;slug&quot;:&quot;vin-rouge-cotes-du-rhone-villages-laudun-cave-augustin-florent&quot;,&quot;availability&quot;:{&quot;indispensable&quot;:false,&quot;purchasable&quot;:true,&quot;stopped&quot;:false,&quot;suspended&quot;:false,&quot;suspensionReason&quot;:null,&quot;checkable&quot;:false,&quot;currentStoreOffer&quot;:null},&quot;price&quot;:{&quot;price&quot;:4.5999999999999996,&quot;unitOfMeasure&quot;:&quot;Litre&quot;,&quot;perUnitLabel&quot;:&quot;6.13 \u20ac \/ Litre&quot;,&quot;taxMessage&quot;:&quot;&quot;,&quot;perUnit&quot;:6.1299999999999999},&quot;ordering&quot;:{&quot;min&quot;:1,&quot;step&quot;:1,&quot;max&quot;:36},&quot;offerServiceId&quot;:&quot;0261-150-6&quot;,&quot;uri&quot;:&quot;boissons\/cave-a-vins\/vins-rouges\/vallee-du-rhone&quot;,&quot;categories&quot;:[{&quot;id&quot;:&quot;27070&quot;,&quot;code&quot;:&quot;R10&quot;,&quot;slug&quot;:&quot;boissons&quot;,&quot;label&quot;:&quot;Boissons&quot;,&quot;uri&quot;:&quot;boissons&quot;,&quot;type&quot;:&quot;RAYON&quot;,&quot;level&quot;:1,&quot;sellerId&quot;:null},{&quot;id&quot;:&quot;27074&quot;,&quot;code&quot;:&quot;R10F02&quot;,&quot;slug&quot;:&quot;cave-a-vins&quot;,&quot;label&quot;:&quot;Cave \u00e0 vins&quot;,&quot;uri&quot;:&quot;boissons\/cave-a-vins&quot;,&quot;type&quot;:&quot;RAYON&quot;,&quot;level&quot;:2,&quot;sellerId&quot;:null},{&quot;id&quot;:&quot;27105&quot;,&quot;code&quot;:&quot;R10F02SF01&quot;,&quot;slug&quot;:&quot;vins-rouges&quot;,&quot;label&quot;:&quot;Vins rouges&quot;,&quot;uri&quot;:&quot;boissons\/cave-a-vins\/vins-rouges&quot;,&quot;type&quot;:&quot;RAYON&quot;,&quot;level&quot;:3,&quot;sellerId&quot;:null},{&quot;id&quot;:&quot;27142&quot;,&quot;code&quot;:&quot;R10F02SF01SS02&quot;,&quot;slug&quot;:&quot;vallee-du-rhone&quot;,&quot;label&quot;:&quot;Vall\u00e9e du Rh\u00f4ne&quot;,&quot;uri&quot;:&quot;boissons\/cave-a-vins\/vins-rouges\/vallee-du-rhone&quot;,&quot;type&quot;:&quot;RAYON&quot;,&quot;level&quot;:4,&quot;sellerId&quot;:null}],&quot;topCategoryName&quot;:&quot;Boissons&quot;,&quot;images&quot;:[{&quot;largest&quot;:&quot;\/media\/1500x1500\/Photosite\/PGC\/BOISSONS\/3245414819917_PHOTOSITE_20171110_160636_0.jpg?placeholder=1&quot;,&quot;1500x1500&quot;:&quot;\/media\/1500x1500\/Photosite\/PGC\/BOISSONS\/3245414819917_PHOTOSITE_20171110_160636_0.jpg?placeholder=1&quot;,&quot;540x540&quot;:&quot;\/media\/540x540\/Photosite\/PGC\/BOISSONS\/3245414819917_PHOTOSITE_20171110_160636_0.jpg?placeholder=1&quot;,&quot;380x380&quot;:&quot;\/media\/380x380\/Photosite\/PGC\/BOISSONS\/3245414819917_PHOTOSITE_20171110_160636_0.jpg?placeholder=1&quot;,&quot;340x340&quot;:&quot;\/media\/340x340\/Photosite\/PGC\/BOISSONS\/3245414819917_PHOTOSITE_20171110_160636_0.jpg?placeholder=1&quot;,&quot;340x240&quot;:&quot;\/media\/340x240\/Photosite\/PGC\/BOISSONS\/3245414819917_PHOTOSITE_20171110_160636_0.jpg?placeholder=1&quot;,&quot;280x280&quot;:&quot;\/media\/280x280\/Photosite\/PGC\/BOISSONS\/3245414819917_PHOTOSITE_20171110_160636_0.jpg?placeholder=1&quot;,&quot;195x195&quot;:&quot;\/media\/195x195\/Photosite\/PGC\/BOISSONS\/3245414819917_PHOTOSITE_20171110_160636_0.jpg?placeholder=1&quot;,&quot;150x150&quot;:&quot;\/media\/150x150\/Photosite\/PGC\/BOISSONS\/3245414819917_PHOTOSITE_20171110_160636_0.jpg?placeholder=1&quot;,&quot;43x43&quot;:&quot;\/media\/43x43\/Photosite\/PGC\/BOISSONS\/3245414819917_PHOTOSITE_20171110_160636_0.jpg?placeholder=1&quot;},{&quot;largest&quot;:&quot;\/media\/1500x1500\/Photosite\/PGC\/BOISSONS\/3245414819917_PHOTOSITE_20140327_183407_7.jpg?placeholder=1&quot;,&quot;1500x1500&quot;:&quot;\/media\/1500x1500\/Photosite\/PGC\/BOISSONS\/3245414819917_PHOTOSITE_20140327_183407_7.jpg?placeholder=1&quot;,&quot;540x540&quot;:&quot;\/media\/540x540\/Photosite\/PGC\/BOISSONS\/3245414819917_PHOTOSITE_20140327_183407_7.jpg?placeholder=1&quot;,&quot;380x380&quot;:&quot;\/media\/380x380\/Photosite\/PGC\/BOISSONS\/3245414819917_PHOTOSITE_20140327_183407_7.jpg?placeholder=1&quot;,&quot;340x340&quot;:&quot;\/media\/340x340\/Photosite\/PGC\/BOISSONS\/3245414819917_PHOTOSITE_20140327_183407_7.jpg?placeholder=1&quot;,&quot;340x240&quot;:&quot;\/media\/340x240\/Photosite\/PGC\/BOISSONS\/3245414819917_PHOTOSITE_20140327_183407_7.jpg?placeholder=1&quot;,&quot;280x280&quot;:&quot;\/media\/280x280\/Photosite\/PGC\/BOISSONS\/3245414819917_PHOTOSITE_20140327_183407_7.jpg?placeholder=1&quot;,&quot;195x195&quot;:&quot;\/media\/195x195\/Photosite\/PGC\/BOISSONS\/3245414819917_PHOTOSITE_20140327_183407_7.jpg?placeholder=1&quot;,&quot;150x150&quot;:&quot;\/media\/150x150\/Photosite\/PGC\/BOISSONS\/3245414819917_PHOTOSITE_20140327_183407_7.jpg?placeholder=1&quot;,&quot;43x43&quot;:&quot;\/media\/43x43\/Photosite\/PGC\/BOISSONS\/3245414819917_PHOTOSITE_20140327_183407_7.jpg?placeholder=1&quot;}],&quot;promotion&quot;:null,&quot;isDonation&quot;:false,&quot;highlightLabel&quot;:null,&quot;seller&quot;:null,&quot;sellerId&quot;:null,&quot;marketplace&quot;:null,&quot;freshness&quot;:null,&quot;traceability&quot;:null,&quot;flags&quot;:[],&quot;clubs&quot;:[],&quot;packaging&quot;:&quot;la bouteille de 75cL&quot;,&quot;origin&quot;:&quot;&quot;,&quot;format&quot;:&quot;75cL&quot;},&quot;relationships&quot;:{&quot;substitution&quot;:null},&quot;meta&quot;:{&quot;recommendation&quot;:null,&quot;cta&quot;:&quot;buy&quot;,&quot;features&quot;:{&quot;shoppingList&quot;:true,&quot;deletable&quot;:false,&quot;swap&quot;:false,&quot;feedback&quot;:false,&quot;freshness&quot;:true}},&quot;links&quot;:{&quot;self&quot;:&quot;\/p\/vin-rouge-cotes-du-rhone-villages-laudun-cave-augustin-florent-3245414819917?t=27074&quot;}}"
  layout="vertical"
  :render-context="{&quot;zone&quot;:&quot;product-list&quot;,&quot;clickAndCollectEnable&quot;:true}"
  >
  <article class="ds-product-card ds-product-card--vertical">
  <div>
              <div class="ds-product-card--vertical-icons">
                <div
  class="add-to-shoppinglist"
  ean="3245414819917"
  is="add-to-shoppinglist"
></div>
      
        
      </div>
        <div class="ds-product-card--vertical-highlightlabel">
      
    </div>
    <div class="ds-product-card--vertical-infos">
      <div class="ds-product-card--vertical-text">
                
<a
  href="/p/vin-rouge-cotes-du-rhone-villages-laudun-cave-augustin-florent-3245414819917?t=27074"
  title="Vin rouge Côtes du Rhône Villages Laudun CAVE AUGUSTIN FLORENT"
  rel=""
  target=""
  class="product-card-title product-card-title__reduced-line-clamp"
>
  

      

<h2 class="ds-title ds-title--s ds-title--medium">
  Vin rouge Côtes du Rhône Villages Laudun CAVE AUGUSTIN FLORENT
</h2>
</a>
      
                

    

<div class="ds-body-text ds-body-text--size-s ds-body-text--color-standard-3 product-card-packaging">
      la bouteille de 75cL
  </div>
      
                

    

<div class="ds-body-text ds-body-text--size-s ds-body-text--color-standard-3 product-card-per-unit-label">
      6.13 € / Litre
  </div>
      
      </div>
      <div class="ds-product-card--vertical-image">
                
<a
  href="/p/vin-rouge-cotes-du-rhone-villages-laudun-cave-augustin-florent-3245414819917?t=27074"
  title="Vin rouge Côtes du Rhône Villages Laudun CAVE AUGUSTIN FLORENT"
  rel=""
  target=""
  class="product-card-image"
>
  <img
      src="/images/loader-dots.svg"        data-src="/media/280x280/Photosite/PGC/BOISSONS/3245414819917_PHOTOSITE_20171110_160636_0.jpg?placeholder=1"        alt="Vin rouge Côtes du Rhône Villages Laudun CAVE AUGUSTIN FLORENT"
  class="image image--hidden image--lazy product-card-image__image"
/>
</a>
      
      </div>
    </div>
        
    
  </div>
  <div>
    <div class="ds-product-card--vertical-promotion">
      
    </div>
    <div class="ds-product-card--vertical-flex">
              
    

    


<div class="product-card-price">
  <div class="product-card-price__price">
    

    

<span class="ds-title ds-title--m product-card-price__price--final">
  4,60€
</span>

      </div>
</div>
      
      <div class="ds-product-card--vertical-cta">
                  
<form
  is="add-to-cart"
  id="data-produit-acheter"
  class="add-to-cart"
  :product="{&quot;type&quot;:&quot;product&quot;,&quot;id&quot;:&quot;product-3245414819917&quot;,&quot;attributes&quot;:{&quot;ean&quot;:&quot;3245414819917&quot;,&quot;cdbase&quot;:&quot;3781449&quot;,&quot;title&quot;:&quot;Vin rouge C\u00f4tes du Rh\u00f4ne Villages Laudun CAVE AUGUSTIN FLORENT&quot;,&quot;brand&quot;:&quot;CAVE AUGUSTIN FLOREN&quot;,&quot;slug&quot;:&quot;vin-rouge-cotes-du-rhone-villages-laudun-cave-augustin-florent&quot;,&quot;availability&quot;:{&quot;indispensable&quot;:false,&quot;purchasable&quot;:true,&quot;stopped&quot;:false,&quot;suspended&quot;:false,&quot;suspensionReason&quot;:null,&quot;checkable&quot;:false,&quot;currentStoreOffer&quot;:null},&quot;price&quot;:{&quot;price&quot;:4.5999999999999996,&quot;unitOfMeasure&quot;:&quot;Litre&quot;,&quot;perUnitLabel&quot;:&quot;6.13 \u20ac \/ Litre&quot;,&quot;taxMessage&quot;:&quot;&quot;,&quot;perUnit&quot;:6.1299999999999999},&quot;ordering&quot;:{&quot;min&quot;:1,&quot;step&quot;:1,&quot;max&quot;:36},&quot;offerServiceId&quot;:&quot;0261-150-6&quot;,&quot;uri&quot;:&quot;boissons\/cave-a-vins\/vins-rouges\/vallee-du-rhone&quot;,&quot;categories&quot;:[{&quot;id&quot;:&quot;27070&quot;,&quot;code&quot;:&quot;R10&quot;,&quot;slug&quot;:&quot;boissons&quot;,&quot;label&quot;:&quot;Boissons&quot;,&quot;uri&quot;:&quot;boissons&quot;,&quot;type&quot;:&quot;RAYON&quot;,&quot;level&quot;:1,&quot;sellerId&quot;:null},{&quot;id&quot;:&quot;27074&quot;,&quot;code&quot;:&quot;R10F02&quot;,&quot;slug&quot;:&quot;cave-a-vins&quot;,&quot;label&quot;:&quot;Cave \u00e0 vins&quot;,&quot;uri&quot;:&quot;boissons\/cave-a-vins&quot;,&quot;type&quot;:&quot;RAYON&quot;,&quot;level&quot;:2,&quot;sellerId&quot;:null},{&quot;id&quot;:&quot;27105&quot;,&quot;code&quot;:&quot;R10F02SF01&quot;,&quot;slug&quot;:&quot;vins-rouges&quot;,&quot;label&quot;:&quot;Vins rouges&quot;,&quot;uri&quot;:&quot;boissons\/cave-a-vins\/vins-rouges&quot;,&quot;type&quot;:&quot;RAYON&quot;,&quot;level&quot;:3,&quot;sellerId&quot;:null},{&quot;id&quot;:&quot;27142&quot;,&quot;code&quot;:&quot;R10F02SF01SS02&quot;,&quot;slug&quot;:&quot;vallee-du-rhone&quot;,&quot;label&quot;:&quot;Vall\u00e9e du Rh\u00f4ne&quot;,&quot;uri&quot;:&quot;boissons\/cave-a-vins\/vins-rouges\/vallee-du-rhone&quot;,&quot;type&quot;:&quot;RAYON&quot;,&quot;level&quot;:4,&quot;sellerId&quot;:null}],&quot;topCategoryName&quot;:&quot;Boissons&quot;,&quot;images&quot;:[{&quot;largest&quot;:&quot;\/media\/1500x1500\/Photosite\/PGC\/BOISSONS\/3245414819917_PHOTOSITE_20171110_160636_0.jpg?placeholder=1&quot;,&quot;1500x1500&quot;:&quot;\/media\/1500x1500\/Photosite\/PGC\/BOISSONS\/3245414819917_PHOTOSITE_20171110_160636_0.jpg?placeholder=1&quot;,&quot;540x540&quot;:&quot;\/media\/540x540\/Photosite\/PGC\/BOISSONS\/3245414819917_PHOTOSITE_20171110_160636_0.jpg?placeholder=1&quot;,&quot;380x380&quot;:&quot;\/media\/380x380\/Photosite\/PGC\/BOISSONS\/3245414819917_PHOTOSITE_20171110_160636_0.jpg?placeholder=1&quot;,&quot;340x340&quot;:&quot;\/media\/340x340\/Photosite\/PGC\/BOISSONS\/3245414819917_PHOTOSITE_20171110_160636_0.jpg?placeholder=1&quot;,&quot;340x240&quot;:&quot;\/media\/340x240\/Photosite\/PGC\/BOISSONS\/3245414819917_PHOTOSITE_20171110_160636_0.jpg?placeholder=1&quot;,&quot;280x280&quot;:&quot;\/media\/280x280\/Photosite\/PGC\/BOISSONS\/3245414819917_PHOTOSITE_20171110_160636_0.jpg?placeholder=1&quot;,&quot;195x195&quot;:&quot;\/media\/195x195\/Photosite\/PGC\/BOISSONS\/3245414819917_PHOTOSITE_20171110_160636_0.jpg?placeholder=1&quot;,&quot;150x150&quot;:&quot;\/media\/150x150\/Photosite\/PGC\/BOISSONS\/3245414819917_PHOTOSITE_20171110_160636_0.jpg?placeholder=1&quot;,&quot;43x43&quot;:&quot;\/media\/43x43\/Photosite\/PGC\/BOISSONS\/3245414819917_PHOTOSITE_20171110_160636_0.jpg?placeholder=1&quot;},{&quot;largest&quot;:&quot;\/media\/1500x1500\/Photosite\/PGC\/BOISSONS\/3245414819917_PHOTOSITE_20140327_183407_7.jpg?placeholder=1&quot;,&quot;1500x1500&quot;:&quot;\/media\/1500x1500\/Photosite\/PGC\/BOISSONS\/3245414819917_PHOTOSITE_20140327_183407_7.jpg?placeholder=1&quot;,&quot;540x540&quot;:&quot;\/media\/540x540\/Photosite\/PGC\/BOISSONS\/3245414819917_PHOTOSITE_20140327_183407_7.jpg?placeholder=1&quot;,&quot;380x380&quot;:&quot;\/media\/380x380\/Photosite\/PGC\/BOISSONS\/3245414819917_PHOTOSITE_20140327_183407_7.jpg?placeholder=1&quot;,&quot;340x340&quot;:&quot;\/media\/340x340\/Photosite\/PGC\/BOISSONS\/3245414819917_PHOTOSITE_20140327_183407_7.jpg?placeholder=1&quot;,&quot;340x240&quot;:&quot;\/media\/340x240\/Photosite\/PGC\/BOISSONS\/3245414819917_PHOTOSITE_20140327_183407_7.jpg?placeholder=1&quot;,&quot;280x280&quot;:&quot;\/media\/280x280\/Photosite\/PGC\/BOISSONS\/3245414819917_PHOTOSITE_20140327_183407_7.jpg?placeholder=1&quot;,&quot;195x195&quot;:&quot;\/media\/195x195\/Photosite\/PGC\/BOISSONS\/3245414819917_PHOTOSITE_20140327_183407_7.jpg?placeholder=1&quot;,&quot;150x150&quot;:&quot;\/media\/150x150\/Photosite\/PGC\/BOISSONS\/3245414819917_PHOTOSITE_20140327_183407_7.jpg?placeholder=1&quot;,&quot;43x43&quot;:&quot;\/media\/43x43\/Photosite\/PGC\/BOISSONS\/3245414819917_PHOTOSITE_20140327_183407_7.jpg?placeholder=1&quot;}],&quot;promotion&quot;:null,&quot;isDonation&quot;:false,&quot;highlightLabel&quot;:null,&quot;seller&quot;:null,&quot;sellerId&quot;:null,&quot;marketplace&quot;:null,&quot;freshness&quot;:null,&quot;traceability&quot;:null,&quot;flags&quot;:[],&quot;clubs&quot;:[],&quot;packaging&quot;:&quot;la bouteille de 75cL&quot;,&quot;origin&quot;:&quot;&quot;,&quot;format&quot;:&quot;75cL&quot;},&quot;relationships&quot;:{&quot;substitution&quot;:null},&quot;meta&quot;:{&quot;recommendation&quot;:null,&quot;cta&quot;:&quot;buy&quot;,&quot;features&quot;:{&quot;shoppingList&quot;:true,&quot;deletable&quot;:false,&quot;swap&quot;:false,&quot;feedback&quot;:false,&quot;freshness&quot;:true}},&quot;links&quot;:{&quot;self&quot;:&quot;\/p\/vin-rouge-cotes-du-rhone-villages-laudun-cave-augustin-florent-3245414819917?t=27074&quot;}}"
  is-click-and-collect=""
  offer-service-id="0261-150-6"
  basket-service-id=""
  :render-context="{&quot;zone&quot;:&quot;product-list&quot;,&quot;clickAndCollectEnable&quot;:true}" >
  

<button
  class="pl-button pl-button--primary"
        
>
      <span class="pl-button__label">
                    </span>
  </button>
</form>

      
      </div>
    </div>
      </div>
</article>
</div>

                    </li>
            
                <li class="product-grid-item " >
    
                        


<div
  is="ds-product-card"
  class="ds-product-card__twigwrap"
  :index="48"
  :product="{&quot;type&quot;:&quot;product&quot;,&quot;id&quot;:&quot;product-3245390248992&quot;,&quot;attributes&quot;:{&quot;ean&quot;:&quot;3245390248992&quot;,&quot;cdbase&quot;:&quot;5967957&quot;,&quot;title&quot;:&quot;Vin blanc Touraine Sauvignon DOMAINE PAUL BUISSE RDF&quot;,&quot;brand&quot;:&quot;REFLETS DE FRANCE&quot;,&quot;slug&quot;:&quot;vin-blanc-touraine-sauvignon-domaine-paul-buisse-rdf&quot;,&quot;availability&quot;:{&quot;indispensable&quot;:false,&quot;purchasable&quot;:true,&quot;stopped&quot;:false,&quot;suspended&quot;:false,&quot;suspensionReason&quot;:null,&quot;checkable&quot;:false,&quot;currentStoreOffer&quot;:null},&quot;price&quot;:{&quot;price&quot;:4.9900000000000002,&quot;unitOfMeasure&quot;:&quot;Litre&quot;,&quot;perUnitLabel&quot;:&quot;6.65 \u20ac \/ Litre&quot;,&quot;taxMessage&quot;:&quot;&quot;,&quot;perUnit&quot;:6.6500000000000004},&quot;ordering&quot;:{&quot;min&quot;:1,&quot;step&quot;:1,&quot;max&quot;:20},&quot;offerServiceId&quot;:&quot;0261-150-6&quot;,&quot;uri&quot;:&quot;boissons\/cave-a-vins\/vins-blancs\/val-de-loire&quot;,&quot;categories&quot;:[{&quot;id&quot;:&quot;27070&quot;,&quot;code&quot;:&quot;R10&quot;,&quot;slug&quot;:&quot;boissons&quot;,&quot;label&quot;:&quot;Boissons&quot;,&quot;uri&quot;:&quot;boissons&quot;,&quot;type&quot;:&quot;RAYON&quot;,&quot;level&quot;:1,&quot;sellerId&quot;:null},{&quot;id&quot;:&quot;27074&quot;,&quot;code&quot;:&quot;R10F02&quot;,&quot;slug&quot;:&quot;cave-a-vins&quot;,&quot;label&quot;:&quot;Cave \u00e0 vins&quot;,&quot;uri&quot;:&quot;boissons\/cave-a-vins&quot;,&quot;type&quot;:&quot;RAYON&quot;,&quot;level&quot;:2,&quot;sellerId&quot;:null},{&quot;id&quot;:&quot;27106&quot;,&quot;code&quot;:&quot;R10F02SF02&quot;,&quot;slug&quot;:&quot;vins-blancs&quot;,&quot;label&quot;:&quot;Vins blancs&quot;,&quot;uri&quot;:&quot;boissons\/cave-a-vins\/vins-blancs&quot;,&quot;type&quot;:&quot;RAYON&quot;,&quot;level&quot;:3,&quot;sellerId&quot;:null},{&quot;id&quot;:&quot;27153&quot;,&quot;code&quot;:&quot;R10F02SF02SS03&quot;,&quot;slug&quot;:&quot;val-de-loire&quot;,&quot;label&quot;:&quot;Val de Loire&quot;,&quot;uri&quot;:&quot;boissons\/cave-a-vins\/vins-blancs\/val-de-loire&quot;,&quot;type&quot;:&quot;RAYON&quot;,&quot;level&quot;:4,&quot;sellerId&quot;:null}],&quot;topCategoryName&quot;:&quot;Boissons&quot;,&quot;images&quot;:[{&quot;largest&quot;:&quot;\/media\/1500x1500\/Photosite\/PGC\/BOISSONS\/3245390248992_PHOTOSITE_20180403_164319_0.jpg?placeholder=1&quot;,&quot;1500x1500&quot;:&quot;\/media\/1500x1500\/Photosite\/PGC\/BOISSONS\/3245390248992_PHOTOSITE_20180403_164319_0.jpg?placeholder=1&quot;,&quot;540x540&quot;:&quot;\/media\/540x540\/Photosite\/PGC\/BOISSONS\/3245390248992_PHOTOSITE_20180403_164319_0.jpg?placeholder=1&quot;,&quot;380x380&quot;:&quot;\/media\/380x380\/Photosite\/PGC\/BOISSONS\/3245390248992_PHOTOSITE_20180403_164319_0.jpg?placeholder=1&quot;,&quot;340x340&quot;:&quot;\/media\/340x340\/Photosite\/PGC\/BOISSONS\/3245390248992_PHOTOSITE_20180403_164319_0.jpg?placeholder=1&quot;,&quot;340x240&quot;:&quot;\/media\/340x240\/Photosite\/PGC\/BOISSONS\/3245390248992_PHOTOSITE_20180403_164319_0.jpg?placeholder=1&quot;,&quot;280x280&quot;:&quot;\/media\/280x280\/Photosite\/PGC\/BOISSONS\/3245390248992_PHOTOSITE_20180403_164319_0.jpg?placeholder=1&quot;,&quot;195x195&quot;:&quot;\/media\/195x195\/Photosite\/PGC\/BOISSONS\/3245390248992_PHOTOSITE_20180403_164319_0.jpg?placeholder=1&quot;,&quot;150x150&quot;:&quot;\/media\/150x150\/Photosite\/PGC\/BOISSONS\/3245390248992_PHOTOSITE_20180403_164319_0.jpg?placeholder=1&quot;,&quot;43x43&quot;:&quot;\/media\/43x43\/Photosite\/PGC\/BOISSONS\/3245390248992_PHOTOSITE_20180403_164319_0.jpg?placeholder=1&quot;}],&quot;promotion&quot;:null,&quot;isDonation&quot;:false,&quot;highlightLabel&quot;:null,&quot;seller&quot;:null,&quot;sellerId&quot;:null,&quot;marketplace&quot;:null,&quot;freshness&quot;:null,&quot;traceability&quot;:null,&quot;flags&quot;:[],&quot;clubs&quot;:[],&quot;packaging&quot;:&quot;La bouteille de 75cL&quot;,&quot;origin&quot;:&quot;&quot;,&quot;format&quot;:&quot;75cL&quot;},&quot;relationships&quot;:{&quot;substitution&quot;:null},&quot;meta&quot;:{&quot;recommendation&quot;:null,&quot;cta&quot;:&quot;buy&quot;,&quot;features&quot;:{&quot;shoppingList&quot;:true,&quot;deletable&quot;:false,&quot;swap&quot;:false,&quot;feedback&quot;:false,&quot;freshness&quot;:true}},&quot;links&quot;:{&quot;self&quot;:&quot;\/p\/vin-blanc-touraine-sauvignon-domaine-paul-buisse-rdf-3245390248992?t=27074&quot;}}"
  layout="vertical"
  :render-context="{&quot;zone&quot;:&quot;product-list&quot;,&quot;clickAndCollectEnable&quot;:true}"
  >
  <article class="ds-product-card ds-product-card--vertical">
  <div>
              <div class="ds-product-card--vertical-icons">
                <div
  class="add-to-shoppinglist"
  ean="3245390248992"
  is="add-to-shoppinglist"
></div>
      
        
      </div>
        <div class="ds-product-card--vertical-highlightlabel">
      
    </div>
    <div class="ds-product-card--vertical-infos">
      <div class="ds-product-card--vertical-text">
                
<a
  href="/p/vin-blanc-touraine-sauvignon-domaine-paul-buisse-rdf-3245390248992?t=27074"
  title="Vin blanc Touraine Sauvignon DOMAINE PAUL BUISSE RDF"
  rel=""
  target=""
  class="product-card-title product-card-title__reduced-line-clamp"
>
  

      

<h2 class="ds-title ds-title--s ds-title--medium">
  Vin blanc Touraine Sauvignon DOMAINE PAUL BUISSE RDF
</h2>
</a>
      
                

    

<div class="ds-body-text ds-body-text--size-s ds-body-text--color-standard-3 product-card-packaging">
      La bouteille de 75cL
  </div>
      
                

    

<div class="ds-body-text ds-body-text--size-s ds-body-text--color-standard-3 product-card-per-unit-label">
      6.65 € / Litre
  </div>
      
      </div>
      <div class="ds-product-card--vertical-image">
                
<a
  href="/p/vin-blanc-touraine-sauvignon-domaine-paul-buisse-rdf-3245390248992?t=27074"
  title="Vin blanc Touraine Sauvignon DOMAINE PAUL BUISSE RDF"
  rel=""
  target=""
  class="product-card-image"
>
  <img
      src="/images/loader-dots.svg"        data-src="/media/280x280/Photosite/PGC/BOISSONS/3245390248992_PHOTOSITE_20180403_164319_0.jpg?placeholder=1"        alt="Vin blanc Touraine Sauvignon DOMAINE PAUL BUISSE RDF"
  class="image image--hidden image--lazy product-card-image__image"
/>
</a>
      
      </div>
    </div>
        
    
  </div>
  <div>
    <div class="ds-product-card--vertical-promotion">
      
    </div>
    <div class="ds-product-card--vertical-flex">
              
    

    


<div class="product-card-price">
  <div class="product-card-price__price">
    

    

<span class="ds-title ds-title--m product-card-price__price--final">
  4,99€
</span>

      </div>
</div>
      
      <div class="ds-product-card--vertical-cta">
                  
<form
  is="add-to-cart"
  id="data-produit-acheter"
  class="add-to-cart"
  :product="{&quot;type&quot;:&quot;product&quot;,&quot;id&quot;:&quot;product-3245390248992&quot;,&quot;attributes&quot;:{&quot;ean&quot;:&quot;3245390248992&quot;,&quot;cdbase&quot;:&quot;5967957&quot;,&quot;title&quot;:&quot;Vin blanc Touraine Sauvignon DOMAINE PAUL BUISSE RDF&quot;,&quot;brand&quot;:&quot;REFLETS DE FRANCE&quot;,&quot;slug&quot;:&quot;vin-blanc-touraine-sauvignon-domaine-paul-buisse-rdf&quot;,&quot;availability&quot;:{&quot;indispensable&quot;:false,&quot;purchasable&quot;:true,&quot;stopped&quot;:false,&quot;suspended&quot;:false,&quot;suspensionReason&quot;:null,&quot;checkable&quot;:false,&quot;currentStoreOffer&quot;:null},&quot;price&quot;:{&quot;price&quot;:4.9900000000000002,&quot;unitOfMeasure&quot;:&quot;Litre&quot;,&quot;perUnitLabel&quot;:&quot;6.65 \u20ac \/ Litre&quot;,&quot;taxMessage&quot;:&quot;&quot;,&quot;perUnit&quot;:6.6500000000000004},&quot;ordering&quot;:{&quot;min&quot;:1,&quot;step&quot;:1,&quot;max&quot;:20},&quot;offerServiceId&quot;:&quot;0261-150-6&quot;,&quot;uri&quot;:&quot;boissons\/cave-a-vins\/vins-blancs\/val-de-loire&quot;,&quot;categories&quot;:[{&quot;id&quot;:&quot;27070&quot;,&quot;code&quot;:&quot;R10&quot;,&quot;slug&quot;:&quot;boissons&quot;,&quot;label&quot;:&quot;Boissons&quot;,&quot;uri&quot;:&quot;boissons&quot;,&quot;type&quot;:&quot;RAYON&quot;,&quot;level&quot;:1,&quot;sellerId&quot;:null},{&quot;id&quot;:&quot;27074&quot;,&quot;code&quot;:&quot;R10F02&quot;,&quot;slug&quot;:&quot;cave-a-vins&quot;,&quot;label&quot;:&quot;Cave \u00e0 vins&quot;,&quot;uri&quot;:&quot;boissons\/cave-a-vins&quot;,&quot;type&quot;:&quot;RAYON&quot;,&quot;level&quot;:2,&quot;sellerId&quot;:null},{&quot;id&quot;:&quot;27106&quot;,&quot;code&quot;:&quot;R10F02SF02&quot;,&quot;slug&quot;:&quot;vins-blancs&quot;,&quot;label&quot;:&quot;Vins blancs&quot;,&quot;uri&quot;:&quot;boissons\/cave-a-vins\/vins-blancs&quot;,&quot;type&quot;:&quot;RAYON&quot;,&quot;level&quot;:3,&quot;sellerId&quot;:null},{&quot;id&quot;:&quot;27153&quot;,&quot;code&quot;:&quot;R10F02SF02SS03&quot;,&quot;slug&quot;:&quot;val-de-loire&quot;,&quot;label&quot;:&quot;Val de Loire&quot;,&quot;uri&quot;:&quot;boissons\/cave-a-vins\/vins-blancs\/val-de-loire&quot;,&quot;type&quot;:&quot;RAYON&quot;,&quot;level&quot;:4,&quot;sellerId&quot;:null}],&quot;topCategoryName&quot;:&quot;Boissons&quot;,&quot;images&quot;:[{&quot;largest&quot;:&quot;\/media\/1500x1500\/Photosite\/PGC\/BOISSONS\/3245390248992_PHOTOSITE_20180403_164319_0.jpg?placeholder=1&quot;,&quot;1500x1500&quot;:&quot;\/media\/1500x1500\/Photosite\/PGC\/BOISSONS\/3245390248992_PHOTOSITE_20180403_164319_0.jpg?placeholder=1&quot;,&quot;540x540&quot;:&quot;\/media\/540x540\/Photosite\/PGC\/BOISSONS\/3245390248992_PHOTOSITE_20180403_164319_0.jpg?placeholder=1&quot;,&quot;380x380&quot;:&quot;\/media\/380x380\/Photosite\/PGC\/BOISSONS\/3245390248992_PHOTOSITE_20180403_164319_0.jpg?placeholder=1&quot;,&quot;340x340&quot;:&quot;\/media\/340x340\/Photosite\/PGC\/BOISSONS\/3245390248992_PHOTOSITE_20180403_164319_0.jpg?placeholder=1&quot;,&quot;340x240&quot;:&quot;\/media\/340x240\/Photosite\/PGC\/BOISSONS\/3245390248992_PHOTOSITE_20180403_164319_0.jpg?placeholder=1&quot;,&quot;280x280&quot;:&quot;\/media\/280x280\/Photosite\/PGC\/BOISSONS\/3245390248992_PHOTOSITE_20180403_164319_0.jpg?placeholder=1&quot;,&quot;195x195&quot;:&quot;\/media\/195x195\/Photosite\/PGC\/BOISSONS\/3245390248992_PHOTOSITE_20180403_164319_0.jpg?placeholder=1&quot;,&quot;150x150&quot;:&quot;\/media\/150x150\/Photosite\/PGC\/BOISSONS\/3245390248992_PHOTOSITE_20180403_164319_0.jpg?placeholder=1&quot;,&quot;43x43&quot;:&quot;\/media\/43x43\/Photosite\/PGC\/BOISSONS\/3245390248992_PHOTOSITE_20180403_164319_0.jpg?placeholder=1&quot;}],&quot;promotion&quot;:null,&quot;isDonation&quot;:false,&quot;highlightLabel&quot;:null,&quot;seller&quot;:null,&quot;sellerId&quot;:null,&quot;marketplace&quot;:null,&quot;freshness&quot;:null,&quot;traceability&quot;:null,&quot;flags&quot;:[],&quot;clubs&quot;:[],&quot;packaging&quot;:&quot;La bouteille de 75cL&quot;,&quot;origin&quot;:&quot;&quot;,&quot;format&quot;:&quot;75cL&quot;},&quot;relationships&quot;:{&quot;substitution&quot;:null},&quot;meta&quot;:{&quot;recommendation&quot;:null,&quot;cta&quot;:&quot;buy&quot;,&quot;features&quot;:{&quot;shoppingList&quot;:true,&quot;deletable&quot;:false,&quot;swap&quot;:false,&quot;feedback&quot;:false,&quot;freshness&quot;:true}},&quot;links&quot;:{&quot;self&quot;:&quot;\/p\/vin-blanc-touraine-sauvignon-domaine-paul-buisse-rdf-3245390248992?t=27074&quot;}}"
  is-click-and-collect=""
  offer-service-id="0261-150-6"
  basket-service-id=""
  :render-context="{&quot;zone&quot;:&quot;product-list&quot;,&quot;clickAndCollectEnable&quot;:true}" >
  

<button
  class="pl-button pl-button--primary"
        
>
      <span class="pl-button__label">
                    </span>
  </button>
</form>

      
      </div>
    </div>
      </div>
</article>
</div>

                    </li>
            
                <li class="product-grid-item " >
    
                        


<div
  is="ds-product-card"
  class="ds-product-card__twigwrap"
  :index="49"
  :product="{&quot;type&quot;:&quot;product&quot;,&quot;id&quot;:&quot;product-3270040274052&quot;,&quot;attributes&quot;:{&quot;ean&quot;:&quot;3270040274052&quot;,&quot;cdbase&quot;:&quot;4450246&quot;,&quot;title&quot;:&quot;Vin rouge Saint Mont AOC FLEURON DE BARADAT&quot;,&quot;brand&quot;:&quot;REFS.SANS MARQUE&quot;,&quot;slug&quot;:&quot;vin-rouge-saint-mont-aoc-fleuron-de-baradat&quot;,&quot;availability&quot;:{&quot;indispensable&quot;:false,&quot;purchasable&quot;:true,&quot;stopped&quot;:false,&quot;suspended&quot;:false,&quot;suspensionReason&quot;:null,&quot;checkable&quot;:false,&quot;currentStoreOffer&quot;:null},&quot;price&quot;:{&quot;price&quot;:5.5,&quot;unitOfMeasure&quot;:&quot;Litre&quot;,&quot;perUnitLabel&quot;:&quot;7.33 \u20ac \/ Litre&quot;,&quot;taxMessage&quot;:&quot;&quot;,&quot;perUnit&quot;:7.3300000000000001},&quot;ordering&quot;:{&quot;min&quot;:1,&quot;step&quot;:1,&quot;max&quot;:36},&quot;offerServiceId&quot;:&quot;0261-150-6&quot;,&quot;uri&quot;:&quot;boissons\/cave-a-vins\/vins-rouges\/sud-ouest&quot;,&quot;categories&quot;:[{&quot;id&quot;:&quot;27070&quot;,&quot;code&quot;:&quot;R10&quot;,&quot;slug&quot;:&quot;boissons&quot;,&quot;label&quot;:&quot;Boissons&quot;,&quot;uri&quot;:&quot;boissons&quot;,&quot;type&quot;:&quot;RAYON&quot;,&quot;level&quot;:1,&quot;sellerId&quot;:null},{&quot;id&quot;:&quot;27074&quot;,&quot;code&quot;:&quot;R10F02&quot;,&quot;slug&quot;:&quot;cave-a-vins&quot;,&quot;label&quot;:&quot;Cave \u00e0 vins&quot;,&quot;uri&quot;:&quot;boissons\/cave-a-vins&quot;,&quot;type&quot;:&quot;RAYON&quot;,&quot;level&quot;:2,&quot;sellerId&quot;:null},{&quot;id&quot;:&quot;27105&quot;,&quot;code&quot;:&quot;R10F02SF01&quot;,&quot;slug&quot;:&quot;vins-rouges&quot;,&quot;label&quot;:&quot;Vins rouges&quot;,&quot;uri&quot;:&quot;boissons\/cave-a-vins\/vins-rouges&quot;,&quot;type&quot;:&quot;RAYON&quot;,&quot;level&quot;:3,&quot;sellerId&quot;:null},{&quot;id&quot;:&quot;27145&quot;,&quot;code&quot;:&quot;R10F02SF01SS05&quot;,&quot;slug&quot;:&quot;sud-ouest&quot;,&quot;label&quot;:&quot;Sud-Ouest&quot;,&quot;uri&quot;:&quot;boissons\/cave-a-vins\/vins-rouges\/sud-ouest&quot;,&quot;type&quot;:&quot;RAYON&quot;,&quot;level&quot;:4,&quot;sellerId&quot;:null}],&quot;topCategoryName&quot;:&quot;Boissons&quot;,&quot;images&quot;:[{&quot;largest&quot;:&quot;\/media\/1500x1500\/Photosite\/PGC\/BOISSONS\/3270040274052_PHOTOSITE_20201002_163940_0.jpg?placeholder=1&quot;,&quot;1500x1500&quot;:&quot;\/media\/1500x1500\/Photosite\/PGC\/BOISSONS\/3270040274052_PHOTOSITE_20201002_163940_0.jpg?placeholder=1&quot;,&quot;540x540&quot;:&quot;\/media\/540x540\/Photosite\/PGC\/BOISSONS\/3270040274052_PHOTOSITE_20201002_163940_0.jpg?placeholder=1&quot;,&quot;380x380&quot;:&quot;\/media\/380x380\/Photosite\/PGC\/BOISSONS\/3270040274052_PHOTOSITE_20201002_163940_0.jpg?placeholder=1&quot;,&quot;340x340&quot;:&quot;\/media\/340x340\/Photosite\/PGC\/BOISSONS\/3270040274052_PHOTOSITE_20201002_163940_0.jpg?placeholder=1&quot;,&quot;340x240&quot;:&quot;\/media\/340x240\/Photosite\/PGC\/BOISSONS\/3270040274052_PHOTOSITE_20201002_163940_0.jpg?placeholder=1&quot;,&quot;280x280&quot;:&quot;\/media\/280x280\/Photosite\/PGC\/BOISSONS\/3270040274052_PHOTOSITE_20201002_163940_0.jpg?placeholder=1&quot;,&quot;195x195&quot;:&quot;\/media\/195x195\/Photosite\/PGC\/BOISSONS\/3270040274052_PHOTOSITE_20201002_163940_0.jpg?placeholder=1&quot;,&quot;150x150&quot;:&quot;\/media\/150x150\/Photosite\/PGC\/BOISSONS\/3270040274052_PHOTOSITE_20201002_163940_0.jpg?placeholder=1&quot;,&quot;43x43&quot;:&quot;\/media\/43x43\/Photosite\/PGC\/BOISSONS\/3270040274052_PHOTOSITE_20201002_163940_0.jpg?placeholder=1&quot;}],&quot;promotion&quot;:null,&quot;isDonation&quot;:false,&quot;highlightLabel&quot;:null,&quot;seller&quot;:null,&quot;sellerId&quot;:null,&quot;marketplace&quot;:null,&quot;freshness&quot;:null,&quot;traceability&quot;:null,&quot;flags&quot;:[],&quot;clubs&quot;:[],&quot;packaging&quot;:&quot;la bouteille de 75cL&quot;,&quot;origin&quot;:&quot;&quot;,&quot;format&quot;:&quot;75cL&quot;},&quot;relationships&quot;:{&quot;substitution&quot;:null},&quot;meta&quot;:{&quot;recommendation&quot;:null,&quot;cta&quot;:&quot;buy&quot;,&quot;features&quot;:{&quot;shoppingList&quot;:true,&quot;deletable&quot;:false,&quot;swap&quot;:false,&quot;feedback&quot;:false,&quot;freshness&quot;:true}},&quot;links&quot;:{&quot;self&quot;:&quot;\/p\/vin-rouge-saint-mont-aoc-fleuron-de-baradat-3270040274052?t=27074&quot;}}"
  layout="vertical"
  :render-context="{&quot;zone&quot;:&quot;product-list&quot;,&quot;clickAndCollectEnable&quot;:true}"
  >
  <article class="ds-product-card ds-product-card--vertical">
  <div>
              <div class="ds-product-card--vertical-icons">
                <div
  class="add-to-shoppinglist"
  ean="3270040274052"
  is="add-to-shoppinglist"
></div>
      
        
      </div>
        <div class="ds-product-card--vertical-highlightlabel">
      
    </div>
    <div class="ds-product-card--vertical-infos">
      <div class="ds-product-card--vertical-text">
                
<a
  href="/p/vin-rouge-saint-mont-aoc-fleuron-de-baradat-3270040274052?t=27074"
  title="Vin rouge Saint Mont AOC FLEURON DE BARADAT"
  rel=""
  target=""
  class="product-card-title product-card-title__reduced-line-clamp"
>
  

      

<h2 class="ds-title ds-title--s ds-title--medium">
  Vin rouge Saint Mont AOC FLEURON DE BARADAT
</h2>
</a>
      
                

    

<div class="ds-body-text ds-body-text--size-s ds-body-text--color-standard-3 product-card-packaging">
      la bouteille de 75cL
  </div>
      
                

    

<div class="ds-body-text ds-body-text--size-s ds-body-text--color-standard-3 product-card-per-unit-label">
      7.33 € / Litre
  </div>
      
      </div>
      <div class="ds-product-card--vertical-image">
                
<a
  href="/p/vin-rouge-saint-mont-aoc-fleuron-de-baradat-3270040274052?t=27074"
  title="Vin rouge Saint Mont AOC FLEURON DE BARADAT"
  rel=""
  target=""
  class="product-card-image"
>
  <img
      src="/images/loader-dots.svg"        data-src="/media/280x280/Photosite/PGC/BOISSONS/3270040274052_PHOTOSITE_20201002_163940_0.jpg?placeholder=1"        alt="Vin rouge Saint Mont AOC FLEURON DE BARADAT"
  class="image image--hidden image--lazy product-card-image__image"
/>
</a>
      
      </div>
    </div>
        
    
  </div>
  <div>
    <div class="ds-product-card--vertical-promotion">
      
    </div>
    <div class="ds-product-card--vertical-flex">
              
    

    


<div class="product-card-price">
  <div class="product-card-price__price">
    

    

<span class="ds-title ds-title--m product-card-price__price--final">
  5,50€
</span>

      </div>
</div>
      
      <div class="ds-product-card--vertical-cta">
                  
<form
  is="add-to-cart"
  id="data-produit-acheter"
  class="add-to-cart"
  :product="{&quot;type&quot;:&quot;product&quot;,&quot;id&quot;:&quot;product-3270040274052&quot;,&quot;attributes&quot;:{&quot;ean&quot;:&quot;3270040274052&quot;,&quot;cdbase&quot;:&quot;4450246&quot;,&quot;title&quot;:&quot;Vin rouge Saint Mont AOC FLEURON DE BARADAT&quot;,&quot;brand&quot;:&quot;REFS.SANS MARQUE&quot;,&quot;slug&quot;:&quot;vin-rouge-saint-mont-aoc-fleuron-de-baradat&quot;,&quot;availability&quot;:{&quot;indispensable&quot;:false,&quot;purchasable&quot;:true,&quot;stopped&quot;:false,&quot;suspended&quot;:false,&quot;suspensionReason&quot;:null,&quot;checkable&quot;:false,&quot;currentStoreOffer&quot;:null},&quot;price&quot;:{&quot;price&quot;:5.5,&quot;unitOfMeasure&quot;:&quot;Litre&quot;,&quot;perUnitLabel&quot;:&quot;7.33 \u20ac \/ Litre&quot;,&quot;taxMessage&quot;:&quot;&quot;,&quot;perUnit&quot;:7.3300000000000001},&quot;ordering&quot;:{&quot;min&quot;:1,&quot;step&quot;:1,&quot;max&quot;:36},&quot;offerServiceId&quot;:&quot;0261-150-6&quot;,&quot;uri&quot;:&quot;boissons\/cave-a-vins\/vins-rouges\/sud-ouest&quot;,&quot;categories&quot;:[{&quot;id&quot;:&quot;27070&quot;,&quot;code&quot;:&quot;R10&quot;,&quot;slug&quot;:&quot;boissons&quot;,&quot;label&quot;:&quot;Boissons&quot;,&quot;uri&quot;:&quot;boissons&quot;,&quot;type&quot;:&quot;RAYON&quot;,&quot;level&quot;:1,&quot;sellerId&quot;:null},{&quot;id&quot;:&quot;27074&quot;,&quot;code&quot;:&quot;R10F02&quot;,&quot;slug&quot;:&quot;cave-a-vins&quot;,&quot;label&quot;:&quot;Cave \u00e0 vins&quot;,&quot;uri&quot;:&quot;boissons\/cave-a-vins&quot;,&quot;type&quot;:&quot;RAYON&quot;,&quot;level&quot;:2,&quot;sellerId&quot;:null},{&quot;id&quot;:&quot;27105&quot;,&quot;code&quot;:&quot;R10F02SF01&quot;,&quot;slug&quot;:&quot;vins-rouges&quot;,&quot;label&quot;:&quot;Vins rouges&quot;,&quot;uri&quot;:&quot;boissons\/cave-a-vins\/vins-rouges&quot;,&quot;type&quot;:&quot;RAYON&quot;,&quot;level&quot;:3,&quot;sellerId&quot;:null},{&quot;id&quot;:&quot;27145&quot;,&quot;code&quot;:&quot;R10F02SF01SS05&quot;,&quot;slug&quot;:&quot;sud-ouest&quot;,&quot;label&quot;:&quot;Sud-Ouest&quot;,&quot;uri&quot;:&quot;boissons\/cave-a-vins\/vins-rouges\/sud-ouest&quot;,&quot;type&quot;:&quot;RAYON&quot;,&quot;level&quot;:4,&quot;sellerId&quot;:null}],&quot;topCategoryName&quot;:&quot;Boissons&quot;,&quot;images&quot;:[{&quot;largest&quot;:&quot;\/media\/1500x1500\/Photosite\/PGC\/BOISSONS\/3270040274052_PHOTOSITE_20201002_163940_0.jpg?placeholder=1&quot;,&quot;1500x1500&quot;:&quot;\/media\/1500x1500\/Photosite\/PGC\/BOISSONS\/3270040274052_PHOTOSITE_20201002_163940_0.jpg?placeholder=1&quot;,&quot;540x540&quot;:&quot;\/media\/540x540\/Photosite\/PGC\/BOISSONS\/3270040274052_PHOTOSITE_20201002_163940_0.jpg?placeholder=1&quot;,&quot;380x380&quot;:&quot;\/media\/380x380\/Photosite\/PGC\/BOISSONS\/3270040274052_PHOTOSITE_20201002_163940_0.jpg?placeholder=1&quot;,&quot;340x340&quot;:&quot;\/media\/340x340\/Photosite\/PGC\/BOISSONS\/3270040274052_PHOTOSITE_20201002_163940_0.jpg?placeholder=1&quot;,&quot;340x240&quot;:&quot;\/media\/340x240\/Photosite\/PGC\/BOISSONS\/3270040274052_PHOTOSITE_20201002_163940_0.jpg?placeholder=1&quot;,&quot;280x280&quot;:&quot;\/media\/280x280\/Photosite\/PGC\/BOISSONS\/3270040274052_PHOTOSITE_20201002_163940_0.jpg?placeholder=1&quot;,&quot;195x195&quot;:&quot;\/media\/195x195\/Photosite\/PGC\/BOISSONS\/3270040274052_PHOTOSITE_20201002_163940_0.jpg?placeholder=1&quot;,&quot;150x150&quot;:&quot;\/media\/150x150\/Photosite\/PGC\/BOISSONS\/3270040274052_PHOTOSITE_20201002_163940_0.jpg?placeholder=1&quot;,&quot;43x43&quot;:&quot;\/media\/43x43\/Photosite\/PGC\/BOISSONS\/3270040274052_PHOTOSITE_20201002_163940_0.jpg?placeholder=1&quot;}],&quot;promotion&quot;:null,&quot;isDonation&quot;:false,&quot;highlightLabel&quot;:null,&quot;seller&quot;:null,&quot;sellerId&quot;:null,&quot;marketplace&quot;:null,&quot;freshness&quot;:null,&quot;traceability&quot;:null,&quot;flags&quot;:[],&quot;clubs&quot;:[],&quot;packaging&quot;:&quot;la bouteille de 75cL&quot;,&quot;origin&quot;:&quot;&quot;,&quot;format&quot;:&quot;75cL&quot;},&quot;relationships&quot;:{&quot;substitution&quot;:null},&quot;meta&quot;:{&quot;recommendation&quot;:null,&quot;cta&quot;:&quot;buy&quot;,&quot;features&quot;:{&quot;shoppingList&quot;:true,&quot;deletable&quot;:false,&quot;swap&quot;:false,&quot;feedback&quot;:false,&quot;freshness&quot;:true}},&quot;links&quot;:{&quot;self&quot;:&quot;\/p\/vin-rouge-saint-mont-aoc-fleuron-de-baradat-3270040274052?t=27074&quot;}}"
  is-click-and-collect=""
  offer-service-id="0261-150-6"
  basket-service-id=""
  :render-context="{&quot;zone&quot;:&quot;product-list&quot;,&quot;clickAndCollectEnable&quot;:true}" >
  

<button
  class="pl-button pl-button--primary"
        
>
      <span class="pl-button__label">
                    </span>
  </button>
</form>

      
      </div>
    </div>
      </div>
</article>
</div>

                    </li>
            
                <li class="product-grid-item " >
    
                        


<div
  is="ds-product-card"
  class="ds-product-card__twigwrap"
  :index="50"
  :product="{&quot;type&quot;:&quot;product&quot;,&quot;id&quot;:&quot;product-3245414777880&quot;,&quot;attributes&quot;:{&quot;ean&quot;:&quot;3245414777880&quot;,&quot;cdbase&quot;:&quot;3761016&quot;,&quot;title&quot;:&quot;Vin Rouge Vall\u00e9e du Rh\u00f4ne C\u00f4tes du Rh\u00f4ne Grenache - Syrah LA CAVE D&#039;AUGUSTIN FLORENT&quot;,&quot;brand&quot;:&quot;CAVE AUGUSTIN FLOREN&quot;,&quot;slug&quot;:&quot;vin-rouge-vallee-du-rhone-cotes-du-rhone-grenache-syrah-la-cave-d-augustin-florent&quot;,&quot;availability&quot;:{&quot;indispensable&quot;:false,&quot;purchasable&quot;:true,&quot;stopped&quot;:false,&quot;suspended&quot;:false,&quot;suspensionReason&quot;:null,&quot;checkable&quot;:false,&quot;currentStoreOffer&quot;:null},&quot;price&quot;:{&quot;price&quot;:14.949999999999999,&quot;unitOfMeasure&quot;:&quot;Litre&quot;,&quot;perUnitLabel&quot;:&quot;2.99 \u20ac \/ Litre&quot;,&quot;taxMessage&quot;:&quot;&quot;,&quot;perUnit&quot;:2.9900000000000002},&quot;ordering&quot;:{&quot;min&quot;:1,&quot;step&quot;:1,&quot;max&quot;:6},&quot;offerServiceId&quot;:&quot;0261-150-6&quot;,&quot;uri&quot;:&quot;boissons\/cave-a-vins\/fontaines-vins&quot;,&quot;categories&quot;:[{&quot;id&quot;:&quot;27070&quot;,&quot;code&quot;:&quot;R10&quot;,&quot;slug&quot;:&quot;boissons&quot;,&quot;label&quot;:&quot;Boissons&quot;,&quot;uri&quot;:&quot;boissons&quot;,&quot;type&quot;:&quot;RAYON&quot;,&quot;level&quot;:1,&quot;sellerId&quot;:null},{&quot;id&quot;:&quot;27074&quot;,&quot;code&quot;:&quot;R10F02&quot;,&quot;slug&quot;:&quot;cave-a-vins&quot;,&quot;label&quot;:&quot;Cave \u00e0 vins&quot;,&quot;uri&quot;:&quot;boissons\/cave-a-vins&quot;,&quot;type&quot;:&quot;RAYON&quot;,&quot;level&quot;:2,&quot;sellerId&quot;:null},{&quot;id&quot;:&quot;27140&quot;,&quot;code&quot;:&quot;R10F02SF05&quot;,&quot;slug&quot;:&quot;fontaines-vins&quot;,&quot;label&quot;:&quot;Fontaines \u00e0 vins&quot;,&quot;uri&quot;:&quot;boissons\/cave-a-vins\/fontaines-vins&quot;,&quot;type&quot;:&quot;RAYON&quot;,&quot;level&quot;:3,&quot;sellerId&quot;:null}],&quot;topCategoryName&quot;:&quot;Boissons&quot;,&quot;images&quot;:[{&quot;largest&quot;:&quot;\/media\/1500x1500\/Photosite\/PGC\/BOISSONS\/3245414777880_PHOTOSITE_20200213_171347_0.jpg?placeholder=1&quot;,&quot;1500x1500&quot;:&quot;\/media\/1500x1500\/Photosite\/PGC\/BOISSONS\/3245414777880_PHOTOSITE_20200213_171347_0.jpg?placeholder=1&quot;,&quot;540x540&quot;:&quot;\/media\/540x540\/Photosite\/PGC\/BOISSONS\/3245414777880_PHOTOSITE_20200213_171347_0.jpg?placeholder=1&quot;,&quot;380x380&quot;:&quot;\/media\/380x380\/Photosite\/PGC\/BOISSONS\/3245414777880_PHOTOSITE_20200213_171347_0.jpg?placeholder=1&quot;,&quot;340x340&quot;:&quot;\/media\/340x340\/Photosite\/PGC\/BOISSONS\/3245414777880_PHOTOSITE_20200213_171347_0.jpg?placeholder=1&quot;,&quot;340x240&quot;:&quot;\/media\/340x240\/Photosite\/PGC\/BOISSONS\/3245414777880_PHOTOSITE_20200213_171347_0.jpg?placeholder=1&quot;,&quot;280x280&quot;:&quot;\/media\/280x280\/Photosite\/PGC\/BOISSONS\/3245414777880_PHOTOSITE_20200213_171347_0.jpg?placeholder=1&quot;,&quot;195x195&quot;:&quot;\/media\/195x195\/Photosite\/PGC\/BOISSONS\/3245414777880_PHOTOSITE_20200213_171347_0.jpg?placeholder=1&quot;,&quot;150x150&quot;:&quot;\/media\/150x150\/Photosite\/PGC\/BOISSONS\/3245414777880_PHOTOSITE_20200213_171347_0.jpg?placeholder=1&quot;,&quot;43x43&quot;:&quot;\/media\/43x43\/Photosite\/PGC\/BOISSONS\/3245414777880_PHOTOSITE_20200213_171347_0.jpg?placeholder=1&quot;}],&quot;promotion&quot;:null,&quot;isDonation&quot;:false,&quot;highlightLabel&quot;:null,&quot;seller&quot;:null,&quot;sellerId&quot;:null,&quot;marketplace&quot;:null,&quot;freshness&quot;:null,&quot;traceability&quot;:null,&quot;flags&quot;:[],&quot;clubs&quot;:[],&quot;packaging&quot;:&quot;la fontaine de 5L&quot;,&quot;origin&quot;:&quot;&quot;,&quot;format&quot;:&quot;5L&quot;},&quot;relationships&quot;:{&quot;substitution&quot;:null},&quot;meta&quot;:{&quot;recommendation&quot;:null,&quot;cta&quot;:&quot;buy&quot;,&quot;features&quot;:{&quot;shoppingList&quot;:true,&quot;deletable&quot;:false,&quot;swap&quot;:false,&quot;feedback&quot;:false,&quot;freshness&quot;:true}},&quot;links&quot;:{&quot;self&quot;:&quot;\/p\/vin-rouge-vallee-du-rhone-cotes-du-rhone-grenache-syrah-la-cave-d-augustin-florent-3245414777880?t=27074&quot;}}"
  layout="vertical"
  :render-context="{&quot;zone&quot;:&quot;product-list&quot;,&quot;clickAndCollectEnable&quot;:true}"
  >
  <article class="ds-product-card ds-product-card--vertical">
  <div>
              <div class="ds-product-card--vertical-icons">
                <div
  class="add-to-shoppinglist"
  ean="3245414777880"
  is="add-to-shoppinglist"
></div>
      
        
      </div>
        <div class="ds-product-card--vertical-highlightlabel">
      
    </div>
    <div class="ds-product-card--vertical-infos">
      <div class="ds-product-card--vertical-text">
                
<a
  href="/p/vin-rouge-vallee-du-rhone-cotes-du-rhone-grenache-syrah-la-cave-d-augustin-florent-3245414777880?t=27074"
  title="Vin Rouge Vallée du Rhône Côtes du Rhône Grenache - Syrah LA CAVE D&#039;AUGUSTIN FLORENT"
  rel=""
  target=""
  class="product-card-title product-card-title__reduced-line-clamp"
>
  

      

<h2 class="ds-title ds-title--s ds-title--medium">
  Vin Rouge Vallée du Rhône Côtes du Rhône Grenache - Syrah LA CAVE D&#039;AUGUSTIN FLORENT
</h2>
</a>
      
                

    

<div class="ds-body-text ds-body-text--size-s ds-body-text--color-standard-3 product-card-packaging">
      la fontaine de 5L
  </div>
      
                

    

<div class="ds-body-text ds-body-text--size-s ds-body-text--color-standard-3 product-card-per-unit-label">
      2.99 € / Litre
  </div>
      
      </div>
      <div class="ds-product-card--vertical-image">
                
<a
  href="/p/vin-rouge-vallee-du-rhone-cotes-du-rhone-grenache-syrah-la-cave-d-augustin-florent-3245414777880?t=27074"
  title="Vin Rouge Vallée du Rhône Côtes du Rhône Grenache - Syrah LA CAVE D&#039;AUGUSTIN FLORENT"
  rel=""
  target=""
  class="product-card-image"
>
  <img
      src="/images/loader-dots.svg"        data-src="/media/280x280/Photosite/PGC/BOISSONS/3245414777880_PHOTOSITE_20200213_171347_0.jpg?placeholder=1"        alt="Vin Rouge Vallée du Rhône Côtes du Rhône Grenache - Syrah LA CAVE D&#039;AUGUSTIN FLORENT"
  class="image image--hidden image--lazy product-card-image__image"
/>
</a>
      
      </div>
    </div>
        
    
  </div>
  <div>
    <div class="ds-product-card--vertical-promotion">
      
    </div>
    <div class="ds-product-card--vertical-flex">
              
    

    


<div class="product-card-price">
  <div class="product-card-price__price">
    

    

<span class="ds-title ds-title--m product-card-price__price--final">
  14,95€
</span>

      </div>
</div>
      
      <div class="ds-product-card--vertical-cta">
                  
<form
  is="add-to-cart"
  id="data-produit-acheter"
  class="add-to-cart"
  :product="{&quot;type&quot;:&quot;product&quot;,&quot;id&quot;:&quot;product-3245414777880&quot;,&quot;attributes&quot;:{&quot;ean&quot;:&quot;3245414777880&quot;,&quot;cdbase&quot;:&quot;3761016&quot;,&quot;title&quot;:&quot;Vin Rouge Vall\u00e9e du Rh\u00f4ne C\u00f4tes du Rh\u00f4ne Grenache - Syrah LA CAVE D&#039;AUGUSTIN FLORENT&quot;,&quot;brand&quot;:&quot;CAVE AUGUSTIN FLOREN&quot;,&quot;slug&quot;:&quot;vin-rouge-vallee-du-rhone-cotes-du-rhone-grenache-syrah-la-cave-d-augustin-florent&quot;,&quot;availability&quot;:{&quot;indispensable&quot;:false,&quot;purchasable&quot;:true,&quot;stopped&quot;:false,&quot;suspended&quot;:false,&quot;suspensionReason&quot;:null,&quot;checkable&quot;:false,&quot;currentStoreOffer&quot;:null},&quot;price&quot;:{&quot;price&quot;:14.949999999999999,&quot;unitOfMeasure&quot;:&quot;Litre&quot;,&quot;perUnitLabel&quot;:&quot;2.99 \u20ac \/ Litre&quot;,&quot;taxMessage&quot;:&quot;&quot;,&quot;perUnit&quot;:2.9900000000000002},&quot;ordering&quot;:{&quot;min&quot;:1,&quot;step&quot;:1,&quot;max&quot;:6},&quot;offerServiceId&quot;:&quot;0261-150-6&quot;,&quot;uri&quot;:&quot;boissons\/cave-a-vins\/fontaines-vins&quot;,&quot;categories&quot;:[{&quot;id&quot;:&quot;27070&quot;,&quot;code&quot;:&quot;R10&quot;,&quot;slug&quot;:&quot;boissons&quot;,&quot;label&quot;:&quot;Boissons&quot;,&quot;uri&quot;:&quot;boissons&quot;,&quot;type&quot;:&quot;RAYON&quot;,&quot;level&quot;:1,&quot;sellerId&quot;:null},{&quot;id&quot;:&quot;27074&quot;,&quot;code&quot;:&quot;R10F02&quot;,&quot;slug&quot;:&quot;cave-a-vins&quot;,&quot;label&quot;:&quot;Cave \u00e0 vins&quot;,&quot;uri&quot;:&quot;boissons\/cave-a-vins&quot;,&quot;type&quot;:&quot;RAYON&quot;,&quot;level&quot;:2,&quot;sellerId&quot;:null},{&quot;id&quot;:&quot;27140&quot;,&quot;code&quot;:&quot;R10F02SF05&quot;,&quot;slug&quot;:&quot;fontaines-vins&quot;,&quot;label&quot;:&quot;Fontaines \u00e0 vins&quot;,&quot;uri&quot;:&quot;boissons\/cave-a-vins\/fontaines-vins&quot;,&quot;type&quot;:&quot;RAYON&quot;,&quot;level&quot;:3,&quot;sellerId&quot;:null}],&quot;topCategoryName&quot;:&quot;Boissons&quot;,&quot;images&quot;:[{&quot;largest&quot;:&quot;\/media\/1500x1500\/Photosite\/PGC\/BOISSONS\/3245414777880_PHOTOSITE_20200213_171347_0.jpg?placeholder=1&quot;,&quot;1500x1500&quot;:&quot;\/media\/1500x1500\/Photosite\/PGC\/BOISSONS\/3245414777880_PHOTOSITE_20200213_171347_0.jpg?placeholder=1&quot;,&quot;540x540&quot;:&quot;\/media\/540x540\/Photosite\/PGC\/BOISSONS\/3245414777880_PHOTOSITE_20200213_171347_0.jpg?placeholder=1&quot;,&quot;380x380&quot;:&quot;\/media\/380x380\/Photosite\/PGC\/BOISSONS\/3245414777880_PHOTOSITE_20200213_171347_0.jpg?placeholder=1&quot;,&quot;340x340&quot;:&quot;\/media\/340x340\/Photosite\/PGC\/BOISSONS\/3245414777880_PHOTOSITE_20200213_171347_0.jpg?placeholder=1&quot;,&quot;340x240&quot;:&quot;\/media\/340x240\/Photosite\/PGC\/BOISSONS\/3245414777880_PHOTOSITE_20200213_171347_0.jpg?placeholder=1&quot;,&quot;280x280&quot;:&quot;\/media\/280x280\/Photosite\/PGC\/BOISSONS\/3245414777880_PHOTOSITE_20200213_171347_0.jpg?placeholder=1&quot;,&quot;195x195&quot;:&quot;\/media\/195x195\/Photosite\/PGC\/BOISSONS\/3245414777880_PHOTOSITE_20200213_171347_0.jpg?placeholder=1&quot;,&quot;150x150&quot;:&quot;\/media\/150x150\/Photosite\/PGC\/BOISSONS\/3245414777880_PHOTOSITE_20200213_171347_0.jpg?placeholder=1&quot;,&quot;43x43&quot;:&quot;\/media\/43x43\/Photosite\/PGC\/BOISSONS\/3245414777880_PHOTOSITE_20200213_171347_0.jpg?placeholder=1&quot;}],&quot;promotion&quot;:null,&quot;isDonation&quot;:false,&quot;highlightLabel&quot;:null,&quot;seller&quot;:null,&quot;sellerId&quot;:null,&quot;marketplace&quot;:null,&quot;freshness&quot;:null,&quot;traceability&quot;:null,&quot;flags&quot;:[],&quot;clubs&quot;:[],&quot;packaging&quot;:&quot;la fontaine de 5L&quot;,&quot;origin&quot;:&quot;&quot;,&quot;format&quot;:&quot;5L&quot;},&quot;relationships&quot;:{&quot;substitution&quot;:null},&quot;meta&quot;:{&quot;recommendation&quot;:null,&quot;cta&quot;:&quot;buy&quot;,&quot;features&quot;:{&quot;shoppingList&quot;:true,&quot;deletable&quot;:false,&quot;swap&quot;:false,&quot;feedback&quot;:false,&quot;freshness&quot;:true}},&quot;links&quot;:{&quot;self&quot;:&quot;\/p\/vin-rouge-vallee-du-rhone-cotes-du-rhone-grenache-syrah-la-cave-d-augustin-florent-3245414777880?t=27074&quot;}}"
  is-click-and-collect=""
  offer-service-id="0261-150-6"
  basket-service-id=""
  :render-context="{&quot;zone&quot;:&quot;product-list&quot;,&quot;clickAndCollectEnable&quot;:true}" >
  

<button
  class="pl-button pl-button--primary"
        
>
      <span class="pl-button__label">
                    </span>
  </button>
</form>

      
      </div>
    </div>
      </div>
</article>
</div>

                    </li>
            
                <li class="product-grid-item " >
    
                        


<div
  is="ds-product-card"
  class="ds-product-card__twigwrap"
  :index="51"
  :product="{&quot;type&quot;:&quot;product&quot;,&quot;id&quot;:&quot;product-3211203445759&quot;,&quot;attributes&quot;:{&quot;ean&quot;:&quot;3211203445759&quot;,&quot;cdbase&quot;:&quot;3009457&quot;,&quot;title&quot;:&quot;Vin Ros\u00e9 Val de Loire Cabernet d&#039;Anjou Cabernet franc PLESSIS DUVAL&quot;,&quot;brand&quot;:&quot;REFS.SANS MARQUE&quot;,&quot;slug&quot;:&quot;vin-rose-val-de-loire-cabernet-d-anjou-cabernet-franc-plessis-duval&quot;,&quot;availability&quot;:{&quot;indispensable&quot;:false,&quot;purchasable&quot;:true,&quot;stopped&quot;:false,&quot;suspended&quot;:false,&quot;suspensionReason&quot;:null,&quot;checkable&quot;:false,&quot;currentStoreOffer&quot;:null},&quot;price&quot;:{&quot;price&quot;:4.3499999999999996,&quot;unitOfMeasure&quot;:&quot;Litre&quot;,&quot;perUnitLabel&quot;:&quot;5.80 \u20ac \/ Litre&quot;,&quot;taxMessage&quot;:&quot;&quot;,&quot;perUnit&quot;:5.7999999999999998},&quot;ordering&quot;:{&quot;min&quot;:1,&quot;step&quot;:1,&quot;max&quot;:36},&quot;offerServiceId&quot;:&quot;0261-150-6&quot;,&quot;uri&quot;:&quot;boissons\/cave-a-vins\/vins-roses\/val-de-loire&quot;,&quot;categories&quot;:[{&quot;id&quot;:&quot;27070&quot;,&quot;code&quot;:&quot;R10&quot;,&quot;slug&quot;:&quot;boissons&quot;,&quot;label&quot;:&quot;Boissons&quot;,&quot;uri&quot;:&quot;boissons&quot;,&quot;type&quot;:&quot;RAYON&quot;,&quot;level&quot;:1,&quot;sellerId&quot;:null},{&quot;id&quot;:&quot;27074&quot;,&quot;code&quot;:&quot;R10F02&quot;,&quot;slug&quot;:&quot;cave-a-vins&quot;,&quot;label&quot;:&quot;Cave \u00e0 vins&quot;,&quot;uri&quot;:&quot;boissons\/cave-a-vins&quot;,&quot;type&quot;:&quot;RAYON&quot;,&quot;level&quot;:2,&quot;sellerId&quot;:null},{&quot;id&quot;:&quot;27107&quot;,&quot;code&quot;:&quot;R10F02SF03&quot;,&quot;slug&quot;:&quot;vins-roses&quot;,&quot;label&quot;:&quot;Vins ros\u00e9s&quot;,&quot;uri&quot;:&quot;boissons\/cave-a-vins\/vins-roses&quot;,&quot;type&quot;:&quot;RAYON&quot;,&quot;level&quot;:3,&quot;sellerId&quot;:null},{&quot;id&quot;:&quot;27163&quot;,&quot;code&quot;:&quot;R10F02SF03SS04&quot;,&quot;slug&quot;:&quot;val-de-loire&quot;,&quot;label&quot;:&quot;Val de Loire&quot;,&quot;uri&quot;:&quot;boissons\/cave-a-vins\/vins-roses\/val-de-loire&quot;,&quot;type&quot;:&quot;RAYON&quot;,&quot;level&quot;:4,&quot;sellerId&quot;:null}],&quot;topCategoryName&quot;:&quot;Boissons&quot;,&quot;images&quot;:[{&quot;largest&quot;:&quot;\/media\/1500x1500\/Photosite\/PGC\/BOISSONS\/3211203445759_PHOTOSITE_20201215_183131_0.jpg?placeholder=1&quot;,&quot;1500x1500&quot;:&quot;\/media\/1500x1500\/Photosite\/PGC\/BOISSONS\/3211203445759_PHOTOSITE_20201215_183131_0.jpg?placeholder=1&quot;,&quot;540x540&quot;:&quot;\/media\/540x540\/Photosite\/PGC\/BOISSONS\/3211203445759_PHOTOSITE_20201215_183131_0.jpg?placeholder=1&quot;,&quot;380x380&quot;:&quot;\/media\/380x380\/Photosite\/PGC\/BOISSONS\/3211203445759_PHOTOSITE_20201215_183131_0.jpg?placeholder=1&quot;,&quot;340x340&quot;:&quot;\/media\/340x340\/Photosite\/PGC\/BOISSONS\/3211203445759_PHOTOSITE_20201215_183131_0.jpg?placeholder=1&quot;,&quot;340x240&quot;:&quot;\/media\/340x240\/Photosite\/PGC\/BOISSONS\/3211203445759_PHOTOSITE_20201215_183131_0.jpg?placeholder=1&quot;,&quot;280x280&quot;:&quot;\/media\/280x280\/Photosite\/PGC\/BOISSONS\/3211203445759_PHOTOSITE_20201215_183131_0.jpg?placeholder=1&quot;,&quot;195x195&quot;:&quot;\/media\/195x195\/Photosite\/PGC\/BOISSONS\/3211203445759_PHOTOSITE_20201215_183131_0.jpg?placeholder=1&quot;,&quot;150x150&quot;:&quot;\/media\/150x150\/Photosite\/PGC\/BOISSONS\/3211203445759_PHOTOSITE_20201215_183131_0.jpg?placeholder=1&quot;,&quot;43x43&quot;:&quot;\/media\/43x43\/Photosite\/PGC\/BOISSONS\/3211203445759_PHOTOSITE_20201215_183131_0.jpg?placeholder=1&quot;}],&quot;promotion&quot;:null,&quot;isDonation&quot;:false,&quot;highlightLabel&quot;:null,&quot;seller&quot;:null,&quot;sellerId&quot;:null,&quot;marketplace&quot;:null,&quot;freshness&quot;:null,&quot;traceability&quot;:null,&quot;flags&quot;:[&quot;flag.common.aop&quot;],&quot;clubs&quot;:[],&quot;packaging&quot;:&quot;la bouteille de 75cL&quot;,&quot;origin&quot;:&quot;&quot;,&quot;format&quot;:&quot;75cL&quot;},&quot;relationships&quot;:{&quot;substitution&quot;:null},&quot;meta&quot;:{&quot;recommendation&quot;:null,&quot;cta&quot;:&quot;buy&quot;,&quot;features&quot;:{&quot;shoppingList&quot;:true,&quot;deletable&quot;:false,&quot;swap&quot;:false,&quot;feedback&quot;:false,&quot;freshness&quot;:true}},&quot;links&quot;:{&quot;self&quot;:&quot;\/p\/vin-rose-val-de-loire-cabernet-d-anjou-cabernet-franc-plessis-duval-3211203445759?t=27074&quot;}}"
  layout="vertical"
  :render-context="{&quot;zone&quot;:&quot;product-list&quot;,&quot;clickAndCollectEnable&quot;:true}"
  >
  <article class="ds-product-card ds-product-card--vertical">
  <div>
              <div class="ds-product-card--vertical-icons">
                <div
  class="add-to-shoppinglist"
  ean="3211203445759"
  is="add-to-shoppinglist"
></div>
      
        
      </div>
        <div class="ds-product-card--vertical-highlightlabel">
      
    </div>
    <div class="ds-product-card--vertical-infos">
      <div class="ds-product-card--vertical-text">
                
<a
  href="/p/vin-rose-val-de-loire-cabernet-d-anjou-cabernet-franc-plessis-duval-3211203445759?t=27074"
  title="Vin Rosé Val de Loire Cabernet d&#039;Anjou Cabernet franc PLESSIS DUVAL"
  rel=""
  target=""
  class="product-card-title product-card-title__reduced-line-clamp"
>
  

      

<h2 class="ds-title ds-title--s ds-title--medium">
  Vin Rosé Val de Loire Cabernet d&#039;Anjou Cabernet franc PLESSIS DUVAL
</h2>
</a>
      
                

    

<div class="ds-body-text ds-body-text--size-s ds-body-text--color-standard-3 product-card-packaging">
      la bouteille de 75cL
  </div>
      
                

    

<div class="ds-body-text ds-body-text--size-s ds-body-text--color-standard-3 product-card-per-unit-label">
      5.80 € / Litre
  </div>
      
      </div>
      <div class="ds-product-card--vertical-image">
                
<a
  href="/p/vin-rose-val-de-loire-cabernet-d-anjou-cabernet-franc-plessis-duval-3211203445759?t=27074"
  title="Vin Rosé Val de Loire Cabernet d&#039;Anjou Cabernet franc PLESSIS DUVAL"
  rel=""
  target=""
  class="product-card-image"
>
  <img
      src="/images/loader-dots.svg"        data-src="/media/280x280/Photosite/PGC/BOISSONS/3211203445759_PHOTOSITE_20201215_183131_0.jpg?placeholder=1"        alt="Vin Rosé Val de Loire Cabernet d&#039;Anjou Cabernet franc PLESSIS DUVAL"
  class="image image--hidden image--lazy product-card-image__image"
/>
</a>
      
      </div>
    </div>
          <div class="ds-product-card--vertical-badges">
                

  <ul class="product-badges-list" is="product-badges-list" :flags="[&quot;flag.common.aop&quot;]" :modifiers="[&quot;size-m&quot;]">
                            <li class="product-badges-list__item">
            

<a class="product-badge__link product-badge--flag-common-a product-badge--size-m" href="#flag.common.aop" data-flag-id="flag.common.aop">
  <picture class="product-badge__icon">
    <img
      src="/images/badges/flag-common-aop.svg"         alt="Appellation d&#039;origine protégée"
  class="image product-badge__icon__img"
/>
  </picture>
  <span class="product-badge__title">Appellation d&#039;origine protégée</span>
</a>
          </li>
                    </ul>
      
      </div>
        
    
  </div>
  <div>
    <div class="ds-product-card--vertical-promotion">
      
    </div>
    <div class="ds-product-card--vertical-flex">
              
    

    


<div class="product-card-price">
  <div class="product-card-price__price">
    

    

<span class="ds-title ds-title--m product-card-price__price--final">
  4,35€
</span>

      </div>
</div>
      
      <div class="ds-product-card--vertical-cta">
                  
<form
  is="add-to-cart"
  id="data-produit-acheter"
  class="add-to-cart"
  :product="{&quot;type&quot;:&quot;product&quot;,&quot;id&quot;:&quot;product-3211203445759&quot;,&quot;attributes&quot;:{&quot;ean&quot;:&quot;3211203445759&quot;,&quot;cdbase&quot;:&quot;3009457&quot;,&quot;title&quot;:&quot;Vin Ros\u00e9 Val de Loire Cabernet d&#039;Anjou Cabernet franc PLESSIS DUVAL&quot;,&quot;brand&quot;:&quot;REFS.SANS MARQUE&quot;,&quot;slug&quot;:&quot;vin-rose-val-de-loire-cabernet-d-anjou-cabernet-franc-plessis-duval&quot;,&quot;availability&quot;:{&quot;indispensable&quot;:false,&quot;purchasable&quot;:true,&quot;stopped&quot;:false,&quot;suspended&quot;:false,&quot;suspensionReason&quot;:null,&quot;checkable&quot;:false,&quot;currentStoreOffer&quot;:null},&quot;price&quot;:{&quot;price&quot;:4.3499999999999996,&quot;unitOfMeasure&quot;:&quot;Litre&quot;,&quot;perUnitLabel&quot;:&quot;5.80 \u20ac \/ Litre&quot;,&quot;taxMessage&quot;:&quot;&quot;,&quot;perUnit&quot;:5.7999999999999998},&quot;ordering&quot;:{&quot;min&quot;:1,&quot;step&quot;:1,&quot;max&quot;:36},&quot;offerServiceId&quot;:&quot;0261-150-6&quot;,&quot;uri&quot;:&quot;boissons\/cave-a-vins\/vins-roses\/val-de-loire&quot;,&quot;categories&quot;:[{&quot;id&quot;:&quot;27070&quot;,&quot;code&quot;:&quot;R10&quot;,&quot;slug&quot;:&quot;boissons&quot;,&quot;label&quot;:&quot;Boissons&quot;,&quot;uri&quot;:&quot;boissons&quot;,&quot;type&quot;:&quot;RAYON&quot;,&quot;level&quot;:1,&quot;sellerId&quot;:null},{&quot;id&quot;:&quot;27074&quot;,&quot;code&quot;:&quot;R10F02&quot;,&quot;slug&quot;:&quot;cave-a-vins&quot;,&quot;label&quot;:&quot;Cave \u00e0 vins&quot;,&quot;uri&quot;:&quot;boissons\/cave-a-vins&quot;,&quot;type&quot;:&quot;RAYON&quot;,&quot;level&quot;:2,&quot;sellerId&quot;:null},{&quot;id&quot;:&quot;27107&quot;,&quot;code&quot;:&quot;R10F02SF03&quot;,&quot;slug&quot;:&quot;vins-roses&quot;,&quot;label&quot;:&quot;Vins ros\u00e9s&quot;,&quot;uri&quot;:&quot;boissons\/cave-a-vins\/vins-roses&quot;,&quot;type&quot;:&quot;RAYON&quot;,&quot;level&quot;:3,&quot;sellerId&quot;:null},{&quot;id&quot;:&quot;27163&quot;,&quot;code&quot;:&quot;R10F02SF03SS04&quot;,&quot;slug&quot;:&quot;val-de-loire&quot;,&quot;label&quot;:&quot;Val de Loire&quot;,&quot;uri&quot;:&quot;boissons\/cave-a-vins\/vins-roses\/val-de-loire&quot;,&quot;type&quot;:&quot;RAYON&quot;,&quot;level&quot;:4,&quot;sellerId&quot;:null}],&quot;topCategoryName&quot;:&quot;Boissons&quot;,&quot;images&quot;:[{&quot;largest&quot;:&quot;\/media\/1500x1500\/Photosite\/PGC\/BOISSONS\/3211203445759_PHOTOSITE_20201215_183131_0.jpg?placeholder=1&quot;,&quot;1500x1500&quot;:&quot;\/media\/1500x1500\/Photosite\/PGC\/BOISSONS\/3211203445759_PHOTOSITE_20201215_183131_0.jpg?placeholder=1&quot;,&quot;540x540&quot;:&quot;\/media\/540x540\/Photosite\/PGC\/BOISSONS\/3211203445759_PHOTOSITE_20201215_183131_0.jpg?placeholder=1&quot;,&quot;380x380&quot;:&quot;\/media\/380x380\/Photosite\/PGC\/BOISSONS\/3211203445759_PHOTOSITE_20201215_183131_0.jpg?placeholder=1&quot;,&quot;340x340&quot;:&quot;\/media\/340x340\/Photosite\/PGC\/BOISSONS\/3211203445759_PHOTOSITE_20201215_183131_0.jpg?placeholder=1&quot;,&quot;340x240&quot;:&quot;\/media\/340x240\/Photosite\/PGC\/BOISSONS\/3211203445759_PHOTOSITE_20201215_183131_0.jpg?placeholder=1&quot;,&quot;280x280&quot;:&quot;\/media\/280x280\/Photosite\/PGC\/BOISSONS\/3211203445759_PHOTOSITE_20201215_183131_0.jpg?placeholder=1&quot;,&quot;195x195&quot;:&quot;\/media\/195x195\/Photosite\/PGC\/BOISSONS\/3211203445759_PHOTOSITE_20201215_183131_0.jpg?placeholder=1&quot;,&quot;150x150&quot;:&quot;\/media\/150x150\/Photosite\/PGC\/BOISSONS\/3211203445759_PHOTOSITE_20201215_183131_0.jpg?placeholder=1&quot;,&quot;43x43&quot;:&quot;\/media\/43x43\/Photosite\/PGC\/BOISSONS\/3211203445759_PHOTOSITE_20201215_183131_0.jpg?placeholder=1&quot;}],&quot;promotion&quot;:null,&quot;isDonation&quot;:false,&quot;highlightLabel&quot;:null,&quot;seller&quot;:null,&quot;sellerId&quot;:null,&quot;marketplace&quot;:null,&quot;freshness&quot;:null,&quot;traceability&quot;:null,&quot;flags&quot;:[&quot;flag.common.aop&quot;],&quot;clubs&quot;:[],&quot;packaging&quot;:&quot;la bouteille de 75cL&quot;,&quot;origin&quot;:&quot;&quot;,&quot;format&quot;:&quot;75cL&quot;},&quot;relationships&quot;:{&quot;substitution&quot;:null},&quot;meta&quot;:{&quot;recommendation&quot;:null,&quot;cta&quot;:&quot;buy&quot;,&quot;features&quot;:{&quot;shoppingList&quot;:true,&quot;deletable&quot;:false,&quot;swap&quot;:false,&quot;feedback&quot;:false,&quot;freshness&quot;:true}},&quot;links&quot;:{&quot;self&quot;:&quot;\/p\/vin-rose-val-de-loire-cabernet-d-anjou-cabernet-franc-plessis-duval-3211203445759?t=27074&quot;}}"
  is-click-and-collect=""
  offer-service-id="0261-150-6"
  basket-service-id=""
  :render-context="{&quot;zone&quot;:&quot;product-list&quot;,&quot;clickAndCollectEnable&quot;:true}" >
  

<button
  class="pl-button pl-button--primary"
        
>
      <span class="pl-button__label">
                    </span>
  </button>
</form>

      
      </div>
    </div>
      </div>
</article>
</div>

                    </li>
            
                <li class="product-grid-item " >
    
                        


<div
  is="ds-product-card"
  class="ds-product-card__twigwrap"
  :index="52"
  :product="{&quot;type&quot;:&quot;product&quot;,&quot;id&quot;:&quot;product-3245390246721&quot;,&quot;attributes&quot;:{&quot;ean&quot;:&quot;3245390246721&quot;,&quot;cdbase&quot;:&quot;4859126&quot;,&quot;title&quot;:&quot;Vin Ros\u00e9 Languedoc Roussillon I.G.P C\u00f4tes de Thau RESERVE DE MONROUBY \&quot;REFLETS DE FRANCE\&quot;&quot;,&quot;brand&quot;:&quot;REFLETS DE FRANCE&quot;,&quot;slug&quot;:&quot;vin-rose-languedoc-roussillon-i-g-p-cotes-de-thau-reserve-de-monrouby-reflets-de-france&quot;,&quot;availability&quot;:{&quot;indispensable&quot;:false,&quot;purchasable&quot;:true,&quot;stopped&quot;:false,&quot;suspended&quot;:false,&quot;suspensionReason&quot;:null,&quot;checkable&quot;:false,&quot;currentStoreOffer&quot;:null},&quot;price&quot;:{&quot;price&quot;:3.75,&quot;unitOfMeasure&quot;:&quot;Litre&quot;,&quot;perUnitLabel&quot;:&quot;5.00 \u20ac \/ Litre&quot;,&quot;taxMessage&quot;:&quot;&quot;,&quot;perUnit&quot;:5},&quot;ordering&quot;:{&quot;min&quot;:1,&quot;step&quot;:1,&quot;max&quot;:20},&quot;offerServiceId&quot;:&quot;0261-150-6&quot;,&quot;uri&quot;:&quot;boissons\/cave-a-vins\/vins-roses\/vins-de-pays-vins-de-table-rose&quot;,&quot;categories&quot;:[{&quot;id&quot;:&quot;27070&quot;,&quot;code&quot;:&quot;R10&quot;,&quot;slug&quot;:&quot;boissons&quot;,&quot;label&quot;:&quot;Boissons&quot;,&quot;uri&quot;:&quot;boissons&quot;,&quot;type&quot;:&quot;RAYON&quot;,&quot;level&quot;:1,&quot;sellerId&quot;:null},{&quot;id&quot;:&quot;27074&quot;,&quot;code&quot;:&quot;R10F02&quot;,&quot;slug&quot;:&quot;cave-a-vins&quot;,&quot;label&quot;:&quot;Cave \u00e0 vins&quot;,&quot;uri&quot;:&quot;boissons\/cave-a-vins&quot;,&quot;type&quot;:&quot;RAYON&quot;,&quot;level&quot;:2,&quot;sellerId&quot;:null},{&quot;id&quot;:&quot;27107&quot;,&quot;code&quot;:&quot;R10F02SF03&quot;,&quot;slug&quot;:&quot;vins-roses&quot;,&quot;label&quot;:&quot;Vins ros\u00e9s&quot;,&quot;uri&quot;:&quot;boissons\/cave-a-vins\/vins-roses&quot;,&quot;type&quot;:&quot;RAYON&quot;,&quot;level&quot;:3,&quot;sellerId&quot;:null},{&quot;id&quot;:&quot;27165&quot;,&quot;code&quot;:&quot;R10F02SF03SS06&quot;,&quot;slug&quot;:&quot;vins-de-pays-vins-de-table-rose&quot;,&quot;label&quot;:&quot;Vins de pays et Vins de table ros\u00e9&quot;,&quot;uri&quot;:&quot;boissons\/cave-a-vins\/vins-roses\/vins-de-pays-vins-de-table-rose&quot;,&quot;type&quot;:&quot;RAYON&quot;,&quot;level&quot;:4,&quot;sellerId&quot;:null}],&quot;topCategoryName&quot;:&quot;Boissons&quot;,&quot;images&quot;:[{&quot;largest&quot;:&quot;\/media\/1500x1500\/Photosite\/PGC\/BOISSONS\/3245390246721_PHOTOSITE_20200822_053241_0.jpg?placeholder=1&quot;,&quot;1500x1500&quot;:&quot;\/media\/1500x1500\/Photosite\/PGC\/BOISSONS\/3245390246721_PHOTOSITE_20200822_053241_0.jpg?placeholder=1&quot;,&quot;540x540&quot;:&quot;\/media\/540x540\/Photosite\/PGC\/BOISSONS\/3245390246721_PHOTOSITE_20200822_053241_0.jpg?placeholder=1&quot;,&quot;380x380&quot;:&quot;\/media\/380x380\/Photosite\/PGC\/BOISSONS\/3245390246721_PHOTOSITE_20200822_053241_0.jpg?placeholder=1&quot;,&quot;340x340&quot;:&quot;\/media\/340x340\/Photosite\/PGC\/BOISSONS\/3245390246721_PHOTOSITE_20200822_053241_0.jpg?placeholder=1&quot;,&quot;340x240&quot;:&quot;\/media\/340x240\/Photosite\/PGC\/BOISSONS\/3245390246721_PHOTOSITE_20200822_053241_0.jpg?placeholder=1&quot;,&quot;280x280&quot;:&quot;\/media\/280x280\/Photosite\/PGC\/BOISSONS\/3245390246721_PHOTOSITE_20200822_053241_0.jpg?placeholder=1&quot;,&quot;195x195&quot;:&quot;\/media\/195x195\/Photosite\/PGC\/BOISSONS\/3245390246721_PHOTOSITE_20200822_053241_0.jpg?placeholder=1&quot;,&quot;150x150&quot;:&quot;\/media\/150x150\/Photosite\/PGC\/BOISSONS\/3245390246721_PHOTOSITE_20200822_053241_0.jpg?placeholder=1&quot;,&quot;43x43&quot;:&quot;\/media\/43x43\/Photosite\/PGC\/BOISSONS\/3245390246721_PHOTOSITE_20200822_053241_0.jpg?placeholder=1&quot;}],&quot;promotion&quot;:null,&quot;isDonation&quot;:false,&quot;highlightLabel&quot;:null,&quot;seller&quot;:null,&quot;sellerId&quot;:null,&quot;marketplace&quot;:null,&quot;freshness&quot;:null,&quot;traceability&quot;:null,&quot;flags&quot;:[&quot;flag.common.glutenfree&quot;],&quot;clubs&quot;:[],&quot;packaging&quot;:&quot;la bouteille de 75cL - Vendues Par &quot;,&quot;origin&quot;:&quot;&quot;,&quot;format&quot;:&quot;75cL&quot;},&quot;relationships&quot;:{&quot;substitution&quot;:null},&quot;meta&quot;:{&quot;recommendation&quot;:null,&quot;cta&quot;:&quot;buy&quot;,&quot;features&quot;:{&quot;shoppingList&quot;:true,&quot;deletable&quot;:false,&quot;swap&quot;:false,&quot;feedback&quot;:false,&quot;freshness&quot;:true}},&quot;links&quot;:{&quot;self&quot;:&quot;\/p\/vin-rose-languedoc-roussillon-i-g-p-cotes-de-thau-reserve-de-monrouby-reflets-de-france-3245390246721?t=27074&quot;}}"
  layout="vertical"
  :render-context="{&quot;zone&quot;:&quot;product-list&quot;,&quot;clickAndCollectEnable&quot;:true}"
  >
  <article class="ds-product-card ds-product-card--vertical">
  <div>
              <div class="ds-product-card--vertical-icons">
                <div
  class="add-to-shoppinglist"
  ean="3245390246721"
  is="add-to-shoppinglist"
></div>
      
        
      </div>
        <div class="ds-product-card--vertical-highlightlabel">
      
    </div>
    <div class="ds-product-card--vertical-infos">
      <div class="ds-product-card--vertical-text">
                
<a
  href="/p/vin-rose-languedoc-roussillon-i-g-p-cotes-de-thau-reserve-de-monrouby-reflets-de-france-3245390246721?t=27074"
  title="Vin Rosé Languedoc Roussillon I.G.P Côtes de Thau RESERVE DE MONROUBY &quot;REFLETS DE FRANCE&quot;"
  rel=""
  target=""
  class="product-card-title product-card-title__reduced-line-clamp"
>
  

      

<h2 class="ds-title ds-title--s ds-title--medium">
  Vin Rosé Languedoc Roussillon I.G.P Côtes de Thau RESERVE DE MONROUBY &quot;REFLETS DE FRANCE&quot;
</h2>
</a>
      
                

    

<div class="ds-body-text ds-body-text--size-s ds-body-text--color-standard-3 product-card-packaging">
      la bouteille de 75cL - Vendues Par 
  </div>
      
                

    

<div class="ds-body-text ds-body-text--size-s ds-body-text--color-standard-3 product-card-per-unit-label">
      5.00 € / Litre
  </div>
      
      </div>
      <div class="ds-product-card--vertical-image">
                
<a
  href="/p/vin-rose-languedoc-roussillon-i-g-p-cotes-de-thau-reserve-de-monrouby-reflets-de-france-3245390246721?t=27074"
  title="Vin Rosé Languedoc Roussillon I.G.P Côtes de Thau RESERVE DE MONROUBY &quot;REFLETS DE FRANCE&quot;"
  rel=""
  target=""
  class="product-card-image"
>
  <img
      src="/images/loader-dots.svg"        data-src="/media/280x280/Photosite/PGC/BOISSONS/3245390246721_PHOTOSITE_20200822_053241_0.jpg?placeholder=1"        alt="Vin Rosé Languedoc Roussillon I.G.P Côtes de Thau RESERVE DE MONROUBY &quot;REFLETS DE FRANCE&quot;"
  class="image image--hidden image--lazy product-card-image__image"
/>
</a>
      
      </div>
    </div>
          <div class="ds-product-card--vertical-badges">
                

  <ul class="product-badges-list" is="product-badges-list" :flags="[&quot;flag.common.glutenfree&quot;]" :modifiers="[&quot;size-m&quot;]">
                            <li class="product-badges-list__item">
            

<a class="product-badge__link product-badge--flag-common-glutenfr product-badge--size-m" href="#flag.common.glutenfree" data-flag-id="flag.common.glutenfree">
  <picture class="product-badge__icon">
    <img
      src="/images/badges/flag-common-glutenfree.svg"         alt="Sans gluten"
  class="image product-badge__icon__img"
/>
  </picture>
  <span class="product-badge__title">Sans gluten</span>
</a>
          </li>
                    </ul>
      
      </div>
        
    
  </div>
  <div>
    <div class="ds-product-card--vertical-promotion">
      
    </div>
    <div class="ds-product-card--vertical-flex">
              
    

    


<div class="product-card-price">
  <div class="product-card-price__price">
    

    

<span class="ds-title ds-title--m product-card-price__price--final">
  3,75€
</span>

      </div>
</div>
      
      <div class="ds-product-card--vertical-cta">
                  
<form
  is="add-to-cart"
  id="data-produit-acheter"
  class="add-to-cart"
  :product="{&quot;type&quot;:&quot;product&quot;,&quot;id&quot;:&quot;product-3245390246721&quot;,&quot;attributes&quot;:{&quot;ean&quot;:&quot;3245390246721&quot;,&quot;cdbase&quot;:&quot;4859126&quot;,&quot;title&quot;:&quot;Vin Ros\u00e9 Languedoc Roussillon I.G.P C\u00f4tes de Thau RESERVE DE MONROUBY \&quot;REFLETS DE FRANCE\&quot;&quot;,&quot;brand&quot;:&quot;REFLETS DE FRANCE&quot;,&quot;slug&quot;:&quot;vin-rose-languedoc-roussillon-i-g-p-cotes-de-thau-reserve-de-monrouby-reflets-de-france&quot;,&quot;availability&quot;:{&quot;indispensable&quot;:false,&quot;purchasable&quot;:true,&quot;stopped&quot;:false,&quot;suspended&quot;:false,&quot;suspensionReason&quot;:null,&quot;checkable&quot;:false,&quot;currentStoreOffer&quot;:null},&quot;price&quot;:{&quot;price&quot;:3.75,&quot;unitOfMeasure&quot;:&quot;Litre&quot;,&quot;perUnitLabel&quot;:&quot;5.00 \u20ac \/ Litre&quot;,&quot;taxMessage&quot;:&quot;&quot;,&quot;perUnit&quot;:5},&quot;ordering&quot;:{&quot;min&quot;:1,&quot;step&quot;:1,&quot;max&quot;:20},&quot;offerServiceId&quot;:&quot;0261-150-6&quot;,&quot;uri&quot;:&quot;boissons\/cave-a-vins\/vins-roses\/vins-de-pays-vins-de-table-rose&quot;,&quot;categories&quot;:[{&quot;id&quot;:&quot;27070&quot;,&quot;code&quot;:&quot;R10&quot;,&quot;slug&quot;:&quot;boissons&quot;,&quot;label&quot;:&quot;Boissons&quot;,&quot;uri&quot;:&quot;boissons&quot;,&quot;type&quot;:&quot;RAYON&quot;,&quot;level&quot;:1,&quot;sellerId&quot;:null},{&quot;id&quot;:&quot;27074&quot;,&quot;code&quot;:&quot;R10F02&quot;,&quot;slug&quot;:&quot;cave-a-vins&quot;,&quot;label&quot;:&quot;Cave \u00e0 vins&quot;,&quot;uri&quot;:&quot;boissons\/cave-a-vins&quot;,&quot;type&quot;:&quot;RAYON&quot;,&quot;level&quot;:2,&quot;sellerId&quot;:null},{&quot;id&quot;:&quot;27107&quot;,&quot;code&quot;:&quot;R10F02SF03&quot;,&quot;slug&quot;:&quot;vins-roses&quot;,&quot;label&quot;:&quot;Vins ros\u00e9s&quot;,&quot;uri&quot;:&quot;boissons\/cave-a-vins\/vins-roses&quot;,&quot;type&quot;:&quot;RAYON&quot;,&quot;level&quot;:3,&quot;sellerId&quot;:null},{&quot;id&quot;:&quot;27165&quot;,&quot;code&quot;:&quot;R10F02SF03SS06&quot;,&quot;slug&quot;:&quot;vins-de-pays-vins-de-table-rose&quot;,&quot;label&quot;:&quot;Vins de pays et Vins de table ros\u00e9&quot;,&quot;uri&quot;:&quot;boissons\/cave-a-vins\/vins-roses\/vins-de-pays-vins-de-table-rose&quot;,&quot;type&quot;:&quot;RAYON&quot;,&quot;level&quot;:4,&quot;sellerId&quot;:null}],&quot;topCategoryName&quot;:&quot;Boissons&quot;,&quot;images&quot;:[{&quot;largest&quot;:&quot;\/media\/1500x1500\/Photosite\/PGC\/BOISSONS\/3245390246721_PHOTOSITE_20200822_053241_0.jpg?placeholder=1&quot;,&quot;1500x1500&quot;:&quot;\/media\/1500x1500\/Photosite\/PGC\/BOISSONS\/3245390246721_PHOTOSITE_20200822_053241_0.jpg?placeholder=1&quot;,&quot;540x540&quot;:&quot;\/media\/540x540\/Photosite\/PGC\/BOISSONS\/3245390246721_PHOTOSITE_20200822_053241_0.jpg?placeholder=1&quot;,&quot;380x380&quot;:&quot;\/media\/380x380\/Photosite\/PGC\/BOISSONS\/3245390246721_PHOTOSITE_20200822_053241_0.jpg?placeholder=1&quot;,&quot;340x340&quot;:&quot;\/media\/340x340\/Photosite\/PGC\/BOISSONS\/3245390246721_PHOTOSITE_20200822_053241_0.jpg?placeholder=1&quot;,&quot;340x240&quot;:&quot;\/media\/340x240\/Photosite\/PGC\/BOISSONS\/3245390246721_PHOTOSITE_20200822_053241_0.jpg?placeholder=1&quot;,&quot;280x280&quot;:&quot;\/media\/280x280\/Photosite\/PGC\/BOISSONS\/3245390246721_PHOTOSITE_20200822_053241_0.jpg?placeholder=1&quot;,&quot;195x195&quot;:&quot;\/media\/195x195\/Photosite\/PGC\/BOISSONS\/3245390246721_PHOTOSITE_20200822_053241_0.jpg?placeholder=1&quot;,&quot;150x150&quot;:&quot;\/media\/150x150\/Photosite\/PGC\/BOISSONS\/3245390246721_PHOTOSITE_20200822_053241_0.jpg?placeholder=1&quot;,&quot;43x43&quot;:&quot;\/media\/43x43\/Photosite\/PGC\/BOISSONS\/3245390246721_PHOTOSITE_20200822_053241_0.jpg?placeholder=1&quot;}],&quot;promotion&quot;:null,&quot;isDonation&quot;:false,&quot;highlightLabel&quot;:null,&quot;seller&quot;:null,&quot;sellerId&quot;:null,&quot;marketplace&quot;:null,&quot;freshness&quot;:null,&quot;traceability&quot;:null,&quot;flags&quot;:[&quot;flag.common.glutenfree&quot;],&quot;clubs&quot;:[],&quot;packaging&quot;:&quot;la bouteille de 75cL - Vendues Par &quot;,&quot;origin&quot;:&quot;&quot;,&quot;format&quot;:&quot;75cL&quot;},&quot;relationships&quot;:{&quot;substitution&quot;:null},&quot;meta&quot;:{&quot;recommendation&quot;:null,&quot;cta&quot;:&quot;buy&quot;,&quot;features&quot;:{&quot;shoppingList&quot;:true,&quot;deletable&quot;:false,&quot;swap&quot;:false,&quot;feedback&quot;:false,&quot;freshness&quot;:true}},&quot;links&quot;:{&quot;self&quot;:&quot;\/p\/vin-rose-languedoc-roussillon-i-g-p-cotes-de-thau-reserve-de-monrouby-reflets-de-france-3245390246721?t=27074&quot;}}"
  is-click-and-collect=""
  offer-service-id="0261-150-6"
  basket-service-id=""
  :render-context="{&quot;zone&quot;:&quot;product-list&quot;,&quot;clickAndCollectEnable&quot;:true}" >
  

<button
  class="pl-button pl-button--primary"
        
>
      <span class="pl-button__label">
                    </span>
  </button>
</form>

      
      </div>
    </div>
      </div>
</article>
</div>

                    </li>
            
                <li class="product-grid-item " >
    
                        


<div
  is="ds-product-card"
  class="ds-product-card__twigwrap"
  :index="53"
  :product="{&quot;type&quot;:&quot;product&quot;,&quot;id&quot;:&quot;product-3180284973874&quot;,&quot;attributes&quot;:{&quot;ean&quot;:&quot;3180284973874&quot;,&quot;cdbase&quot;:&quot;6730938&quot;,&quot;title&quot;:&quot;Vin rouge Merlot cabernet sauvignon SIDI BRAHIM&quot;,&quot;brand&quot;:&quot;REFS.SANS MARQUE&quot;,&quot;slug&quot;:&quot;vin-rouge-merlot-cabernet-sauvignon-sidi-brahim&quot;,&quot;availability&quot;:{&quot;indispensable&quot;:false,&quot;purchasable&quot;:true,&quot;stopped&quot;:false,&quot;suspended&quot;:false,&quot;suspensionReason&quot;:null,&quot;checkable&quot;:false,&quot;currentStoreOffer&quot;:null},&quot;price&quot;:{&quot;price&quot;:3.8999999999999999,&quot;unitOfMeasure&quot;:&quot;Litre&quot;,&quot;perUnitLabel&quot;:&quot;5.20 \u20ac \/ Litre&quot;,&quot;taxMessage&quot;:&quot;&quot;,&quot;perUnit&quot;:5.2000000000000002},&quot;ordering&quot;:{&quot;min&quot;:1,&quot;step&quot;:1,&quot;max&quot;:36},&quot;offerServiceId&quot;:&quot;0261-150-6&quot;,&quot;uri&quot;:&quot;boissons\/cave-a-vins\/vins-etrangers&quot;,&quot;categories&quot;:[{&quot;id&quot;:&quot;27070&quot;,&quot;code&quot;:&quot;R10&quot;,&quot;slug&quot;:&quot;boissons&quot;,&quot;label&quot;:&quot;Boissons&quot;,&quot;uri&quot;:&quot;boissons&quot;,&quot;type&quot;:&quot;RAYON&quot;,&quot;level&quot;:1,&quot;sellerId&quot;:null},{&quot;id&quot;:&quot;27074&quot;,&quot;code&quot;:&quot;R10F02&quot;,&quot;slug&quot;:&quot;cave-a-vins&quot;,&quot;label&quot;:&quot;Cave \u00e0 vins&quot;,&quot;uri&quot;:&quot;boissons\/cave-a-vins&quot;,&quot;type&quot;:&quot;RAYON&quot;,&quot;level&quot;:2,&quot;sellerId&quot;:null},{&quot;id&quot;:&quot;27139&quot;,&quot;code&quot;:&quot;R10F02SF04&quot;,&quot;slug&quot;:&quot;vins-etrangers&quot;,&quot;label&quot;:&quot;Vins \u00e9trangers&quot;,&quot;uri&quot;:&quot;boissons\/cave-a-vins\/vins-etrangers&quot;,&quot;type&quot;:&quot;RAYON&quot;,&quot;level&quot;:3,&quot;sellerId&quot;:null}],&quot;topCategoryName&quot;:&quot;Boissons&quot;,&quot;images&quot;:[{&quot;largest&quot;:&quot;\/media\/1500x1500\/Photosite\/PGC\/BOISSONS\/3180284973874_PHOTOSITE_20200421_165508_0.jpg?placeholder=1&quot;,&quot;1500x1500&quot;:&quot;\/media\/1500x1500\/Photosite\/PGC\/BOISSONS\/3180284973874_PHOTOSITE_20200421_165508_0.jpg?placeholder=1&quot;,&quot;540x540&quot;:&quot;\/media\/540x540\/Photosite\/PGC\/BOISSONS\/3180284973874_PHOTOSITE_20200421_165508_0.jpg?placeholder=1&quot;,&quot;380x380&quot;:&quot;\/media\/380x380\/Photosite\/PGC\/BOISSONS\/3180284973874_PHOTOSITE_20200421_165508_0.jpg?placeholder=1&quot;,&quot;340x340&quot;:&quot;\/media\/340x340\/Photosite\/PGC\/BOISSONS\/3180284973874_PHOTOSITE_20200421_165508_0.jpg?placeholder=1&quot;,&quot;340x240&quot;:&quot;\/media\/340x240\/Photosite\/PGC\/BOISSONS\/3180284973874_PHOTOSITE_20200421_165508_0.jpg?placeholder=1&quot;,&quot;280x280&quot;:&quot;\/media\/280x280\/Photosite\/PGC\/BOISSONS\/3180284973874_PHOTOSITE_20200421_165508_0.jpg?placeholder=1&quot;,&quot;195x195&quot;:&quot;\/media\/195x195\/Photosite\/PGC\/BOISSONS\/3180284973874_PHOTOSITE_20200421_165508_0.jpg?placeholder=1&quot;,&quot;150x150&quot;:&quot;\/media\/150x150\/Photosite\/PGC\/BOISSONS\/3180284973874_PHOTOSITE_20200421_165508_0.jpg?placeholder=1&quot;,&quot;43x43&quot;:&quot;\/media\/43x43\/Photosite\/PGC\/BOISSONS\/3180284973874_PHOTOSITE_20200421_165508_0.jpg?placeholder=1&quot;}],&quot;promotion&quot;:null,&quot;isDonation&quot;:false,&quot;highlightLabel&quot;:null,&quot;seller&quot;:null,&quot;sellerId&quot;:null,&quot;marketplace&quot;:null,&quot;freshness&quot;:null,&quot;traceability&quot;:null,&quot;flags&quot;:[],&quot;clubs&quot;:[],&quot;packaging&quot;:&quot;la bouteille de 75cL&quot;,&quot;origin&quot;:&quot;&quot;,&quot;format&quot;:&quot;75cL&quot;},&quot;relationships&quot;:{&quot;substitution&quot;:null},&quot;meta&quot;:{&quot;recommendation&quot;:null,&quot;cta&quot;:&quot;buy&quot;,&quot;features&quot;:{&quot;shoppingList&quot;:true,&quot;deletable&quot;:false,&quot;swap&quot;:false,&quot;feedback&quot;:false,&quot;freshness&quot;:true}},&quot;links&quot;:{&quot;self&quot;:&quot;\/p\/vin-rouge-merlot-cabernet-sauvignon-sidi-brahim-3180284973874?t=27074&quot;}}"
  layout="vertical"
  :render-context="{&quot;zone&quot;:&quot;product-list&quot;,&quot;clickAndCollectEnable&quot;:true}"
  >
  <article class="ds-product-card ds-product-card--vertical">
  <div>
              <div class="ds-product-card--vertical-icons">
                <div
  class="add-to-shoppinglist"
  ean="3180284973874"
  is="add-to-shoppinglist"
></div>
      
        
      </div>
        <div class="ds-product-card--vertical-highlightlabel">
      
    </div>
    <div class="ds-product-card--vertical-infos">
      <div class="ds-product-card--vertical-text">
                
<a
  href="/p/vin-rouge-merlot-cabernet-sauvignon-sidi-brahim-3180284973874?t=27074"
  title="Vin rouge Merlot cabernet sauvignon SIDI BRAHIM"
  rel=""
  target=""
  class="product-card-title product-card-title__reduced-line-clamp"
>
  

      

<h2 class="ds-title ds-title--s ds-title--medium">
  Vin rouge Merlot cabernet sauvignon SIDI BRAHIM
</h2>
</a>
      
                

    

<div class="ds-body-text ds-body-text--size-s ds-body-text--color-standard-3 product-card-packaging">
      la bouteille de 75cL
  </div>
      
                

    

<div class="ds-body-text ds-body-text--size-s ds-body-text--color-standard-3 product-card-per-unit-label">
      5.20 € / Litre
  </div>
      
      </div>
      <div class="ds-product-card--vertical-image">
                
<a
  href="/p/vin-rouge-merlot-cabernet-sauvignon-sidi-brahim-3180284973874?t=27074"
  title="Vin rouge Merlot cabernet sauvignon SIDI BRAHIM"
  rel=""
  target=""
  class="product-card-image"
>
  <img
      src="/images/loader-dots.svg"        data-src="/media/280x280/Photosite/PGC/BOISSONS/3180284973874_PHOTOSITE_20200421_165508_0.jpg?placeholder=1"        alt="Vin rouge Merlot cabernet sauvignon SIDI BRAHIM"
  class="image image--hidden image--lazy product-card-image__image"
/>
</a>
      
      </div>
    </div>
        
    
  </div>
  <div>
    <div class="ds-product-card--vertical-promotion">
      
    </div>
    <div class="ds-product-card--vertical-flex">
              
    

    


<div class="product-card-price">
  <div class="product-card-price__price">
    

    

<span class="ds-title ds-title--m product-card-price__price--final">
  3,90€
</span>

      </div>
</div>
      
      <div class="ds-product-card--vertical-cta">
                  
<form
  is="add-to-cart"
  id="data-produit-acheter"
  class="add-to-cart"
  :product="{&quot;type&quot;:&quot;product&quot;,&quot;id&quot;:&quot;product-3180284973874&quot;,&quot;attributes&quot;:{&quot;ean&quot;:&quot;3180284973874&quot;,&quot;cdbase&quot;:&quot;6730938&quot;,&quot;title&quot;:&quot;Vin rouge Merlot cabernet sauvignon SIDI BRAHIM&quot;,&quot;brand&quot;:&quot;REFS.SANS MARQUE&quot;,&quot;slug&quot;:&quot;vin-rouge-merlot-cabernet-sauvignon-sidi-brahim&quot;,&quot;availability&quot;:{&quot;indispensable&quot;:false,&quot;purchasable&quot;:true,&quot;stopped&quot;:false,&quot;suspended&quot;:false,&quot;suspensionReason&quot;:null,&quot;checkable&quot;:false,&quot;currentStoreOffer&quot;:null},&quot;price&quot;:{&quot;price&quot;:3.8999999999999999,&quot;unitOfMeasure&quot;:&quot;Litre&quot;,&quot;perUnitLabel&quot;:&quot;5.20 \u20ac \/ Litre&quot;,&quot;taxMessage&quot;:&quot;&quot;,&quot;perUnit&quot;:5.2000000000000002},&quot;ordering&quot;:{&quot;min&quot;:1,&quot;step&quot;:1,&quot;max&quot;:36},&quot;offerServiceId&quot;:&quot;0261-150-6&quot;,&quot;uri&quot;:&quot;boissons\/cave-a-vins\/vins-etrangers&quot;,&quot;categories&quot;:[{&quot;id&quot;:&quot;27070&quot;,&quot;code&quot;:&quot;R10&quot;,&quot;slug&quot;:&quot;boissons&quot;,&quot;label&quot;:&quot;Boissons&quot;,&quot;uri&quot;:&quot;boissons&quot;,&quot;type&quot;:&quot;RAYON&quot;,&quot;level&quot;:1,&quot;sellerId&quot;:null},{&quot;id&quot;:&quot;27074&quot;,&quot;code&quot;:&quot;R10F02&quot;,&quot;slug&quot;:&quot;cave-a-vins&quot;,&quot;label&quot;:&quot;Cave \u00e0 vins&quot;,&quot;uri&quot;:&quot;boissons\/cave-a-vins&quot;,&quot;type&quot;:&quot;RAYON&quot;,&quot;level&quot;:2,&quot;sellerId&quot;:null},{&quot;id&quot;:&quot;27139&quot;,&quot;code&quot;:&quot;R10F02SF04&quot;,&quot;slug&quot;:&quot;vins-etrangers&quot;,&quot;label&quot;:&quot;Vins \u00e9trangers&quot;,&quot;uri&quot;:&quot;boissons\/cave-a-vins\/vins-etrangers&quot;,&quot;type&quot;:&quot;RAYON&quot;,&quot;level&quot;:3,&quot;sellerId&quot;:null}],&quot;topCategoryName&quot;:&quot;Boissons&quot;,&quot;images&quot;:[{&quot;largest&quot;:&quot;\/media\/1500x1500\/Photosite\/PGC\/BOISSONS\/3180284973874_PHOTOSITE_20200421_165508_0.jpg?placeholder=1&quot;,&quot;1500x1500&quot;:&quot;\/media\/1500x1500\/Photosite\/PGC\/BOISSONS\/3180284973874_PHOTOSITE_20200421_165508_0.jpg?placeholder=1&quot;,&quot;540x540&quot;:&quot;\/media\/540x540\/Photosite\/PGC\/BOISSONS\/3180284973874_PHOTOSITE_20200421_165508_0.jpg?placeholder=1&quot;,&quot;380x380&quot;:&quot;\/media\/380x380\/Photosite\/PGC\/BOISSONS\/3180284973874_PHOTOSITE_20200421_165508_0.jpg?placeholder=1&quot;,&quot;340x340&quot;:&quot;\/media\/340x340\/Photosite\/PGC\/BOISSONS\/3180284973874_PHOTOSITE_20200421_165508_0.jpg?placeholder=1&quot;,&quot;340x240&quot;:&quot;\/media\/340x240\/Photosite\/PGC\/BOISSONS\/3180284973874_PHOTOSITE_20200421_165508_0.jpg?placeholder=1&quot;,&quot;280x280&quot;:&quot;\/media\/280x280\/Photosite\/PGC\/BOISSONS\/3180284973874_PHOTOSITE_20200421_165508_0.jpg?placeholder=1&quot;,&quot;195x195&quot;:&quot;\/media\/195x195\/Photosite\/PGC\/BOISSONS\/3180284973874_PHOTOSITE_20200421_165508_0.jpg?placeholder=1&quot;,&quot;150x150&quot;:&quot;\/media\/150x150\/Photosite\/PGC\/BOISSONS\/3180284973874_PHOTOSITE_20200421_165508_0.jpg?placeholder=1&quot;,&quot;43x43&quot;:&quot;\/media\/43x43\/Photosite\/PGC\/BOISSONS\/3180284973874_PHOTOSITE_20200421_165508_0.jpg?placeholder=1&quot;}],&quot;promotion&quot;:null,&quot;isDonation&quot;:false,&quot;highlightLabel&quot;:null,&quot;seller&quot;:null,&quot;sellerId&quot;:null,&quot;marketplace&quot;:null,&quot;freshness&quot;:null,&quot;traceability&quot;:null,&quot;flags&quot;:[],&quot;clubs&quot;:[],&quot;packaging&quot;:&quot;la bouteille de 75cL&quot;,&quot;origin&quot;:&quot;&quot;,&quot;format&quot;:&quot;75cL&quot;},&quot;relationships&quot;:{&quot;substitution&quot;:null},&quot;meta&quot;:{&quot;recommendation&quot;:null,&quot;cta&quot;:&quot;buy&quot;,&quot;features&quot;:{&quot;shoppingList&quot;:true,&quot;deletable&quot;:false,&quot;swap&quot;:false,&quot;feedback&quot;:false,&quot;freshness&quot;:true}},&quot;links&quot;:{&quot;self&quot;:&quot;\/p\/vin-rouge-merlot-cabernet-sauvignon-sidi-brahim-3180284973874?t=27074&quot;}}"
  is-click-and-collect=""
  offer-service-id="0261-150-6"
  basket-service-id=""
  :render-context="{&quot;zone&quot;:&quot;product-list&quot;,&quot;clickAndCollectEnable&quot;:true}" >
  

<button
  class="pl-button pl-button--primary"
        
>
      <span class="pl-button__label">
                    </span>
  </button>
</form>

      
      </div>
    </div>
      </div>
</article>
</div>

                    </li>
            
                <li class="product-grid-item " >
    
                        


<div
  is="ds-product-card"
  class="ds-product-card__twigwrap"
  :index="54"
  :product="{&quot;type&quot;:&quot;product&quot;,&quot;id&quot;:&quot;product-3249381025661&quot;,&quot;attributes&quot;:{&quot;ean&quot;:&quot;3249381025661&quot;,&quot;cdbase&quot;:&quot;7074554&quot;,&quot;title&quot;:&quot;Boisson Artis syrah sans alcool &quot;,&quot;brand&quot;:&quot;REFS.SANS MARQUE&quot;,&quot;slug&quot;:&quot;boisson-artis-syrah-sans-alcool&quot;,&quot;availability&quot;:{&quot;indispensable&quot;:false,&quot;purchasable&quot;:true,&quot;stopped&quot;:false,&quot;suspended&quot;:false,&quot;suspensionReason&quot;:null,&quot;checkable&quot;:false,&quot;currentStoreOffer&quot;:null},&quot;price&quot;:{&quot;price&quot;:4.6500000000000004,&quot;unitOfMeasure&quot;:&quot;Litre&quot;,&quot;perUnitLabel&quot;:&quot;6.20 \u20ac \/ Litre&quot;,&quot;taxMessage&quot;:&quot;&quot;,&quot;perUnit&quot;:6.2000000000000002},&quot;ordering&quot;:{&quot;min&quot;:1,&quot;step&quot;:1,&quot;max&quot;:20},&quot;offerServiceId&quot;:&quot;0261-150-6&quot;,&quot;uri&quot;:&quot;boissons\/cave-a-vins\/vins-rouges\/vins-de-pays-vins-de-table-rouge&quot;,&quot;categories&quot;:[{&quot;id&quot;:&quot;27070&quot;,&quot;code&quot;:&quot;R10&quot;,&quot;slug&quot;:&quot;boissons&quot;,&quot;label&quot;:&quot;Boissons&quot;,&quot;uri&quot;:&quot;boissons&quot;,&quot;type&quot;:&quot;RAYON&quot;,&quot;level&quot;:1,&quot;sellerId&quot;:null},{&quot;id&quot;:&quot;27074&quot;,&quot;code&quot;:&quot;R10F02&quot;,&quot;slug&quot;:&quot;cave-a-vins&quot;,&quot;label&quot;:&quot;Cave \u00e0 vins&quot;,&quot;uri&quot;:&quot;boissons\/cave-a-vins&quot;,&quot;type&quot;:&quot;RAYON&quot;,&quot;level&quot;:2,&quot;sellerId&quot;:null},{&quot;id&quot;:&quot;27105&quot;,&quot;code&quot;:&quot;R10F02SF01&quot;,&quot;slug&quot;:&quot;vins-rouges&quot;,&quot;label&quot;:&quot;Vins rouges&quot;,&quot;uri&quot;:&quot;boissons\/cave-a-vins\/vins-rouges&quot;,&quot;type&quot;:&quot;RAYON&quot;,&quot;level&quot;:3,&quot;sellerId&quot;:null},{&quot;id&quot;:&quot;27150&quot;,&quot;code&quot;:&quot;R10F02SF01SS10&quot;,&quot;slug&quot;:&quot;vins-de-pays-vins-de-table-rouge&quot;,&quot;label&quot;:&quot;Vins de pays et Vins de table rouge&quot;,&quot;uri&quot;:&quot;boissons\/cave-a-vins\/vins-rouges\/vins-de-pays-vins-de-table-rouge&quot;,&quot;type&quot;:&quot;RAYON&quot;,&quot;level&quot;:4,&quot;sellerId&quot;:null}],&quot;topCategoryName&quot;:&quot;Boissons&quot;,&quot;images&quot;:[{&quot;largest&quot;:&quot;\/media\/1500x1500\/Photosite\/PGC\/BOISSONS\/3249381025661_PHOTOSITE_20200909_163514_0.jpg?placeholder=1&quot;,&quot;1500x1500&quot;:&quot;\/media\/1500x1500\/Photosite\/PGC\/BOISSONS\/3249381025661_PHOTOSITE_20200909_163514_0.jpg?placeholder=1&quot;,&quot;540x540&quot;:&quot;\/media\/540x540\/Photosite\/PGC\/BOISSONS\/3249381025661_PHOTOSITE_20200909_163514_0.jpg?placeholder=1&quot;,&quot;380x380&quot;:&quot;\/media\/380x380\/Photosite\/PGC\/BOISSONS\/3249381025661_PHOTOSITE_20200909_163514_0.jpg?placeholder=1&quot;,&quot;340x340&quot;:&quot;\/media\/340x340\/Photosite\/PGC\/BOISSONS\/3249381025661_PHOTOSITE_20200909_163514_0.jpg?placeholder=1&quot;,&quot;340x240&quot;:&quot;\/media\/340x240\/Photosite\/PGC\/BOISSONS\/3249381025661_PHOTOSITE_20200909_163514_0.jpg?placeholder=1&quot;,&quot;280x280&quot;:&quot;\/media\/280x280\/Photosite\/PGC\/BOISSONS\/3249381025661_PHOTOSITE_20200909_163514_0.jpg?placeholder=1&quot;,&quot;195x195&quot;:&quot;\/media\/195x195\/Photosite\/PGC\/BOISSONS\/3249381025661_PHOTOSITE_20200909_163514_0.jpg?placeholder=1&quot;,&quot;150x150&quot;:&quot;\/media\/150x150\/Photosite\/PGC\/BOISSONS\/3249381025661_PHOTOSITE_20200909_163514_0.jpg?placeholder=1&quot;,&quot;43x43&quot;:&quot;\/media\/43x43\/Photosite\/PGC\/BOISSONS\/3249381025661_PHOTOSITE_20200909_163514_0.jpg?placeholder=1&quot;}],&quot;promotion&quot;:null,&quot;isDonation&quot;:false,&quot;highlightLabel&quot;:null,&quot;seller&quot;:null,&quot;sellerId&quot;:null,&quot;marketplace&quot;:null,&quot;freshness&quot;:null,&quot;traceability&quot;:null,&quot;flags&quot;:[],&quot;clubs&quot;:[],&quot;packaging&quot;:&quot;la bouteille de 75cL&quot;,&quot;origin&quot;:&quot;&quot;,&quot;format&quot;:&quot;75cL&quot;},&quot;relationships&quot;:{&quot;substitution&quot;:null},&quot;meta&quot;:{&quot;recommendation&quot;:null,&quot;cta&quot;:&quot;buy&quot;,&quot;features&quot;:{&quot;shoppingList&quot;:true,&quot;deletable&quot;:false,&quot;swap&quot;:false,&quot;feedback&quot;:false,&quot;freshness&quot;:true}},&quot;links&quot;:{&quot;self&quot;:&quot;\/p\/boisson-artis-syrah-sans-alcool-3249381025661?t=27074&quot;}}"
  layout="vertical"
  :render-context="{&quot;zone&quot;:&quot;product-list&quot;,&quot;clickAndCollectEnable&quot;:true}"
  >
  <article class="ds-product-card ds-product-card--vertical">
  <div>
              <div class="ds-product-card--vertical-icons">
                <div
  class="add-to-shoppinglist"
  ean="3249381025661"
  is="add-to-shoppinglist"
></div>
      
        
      </div>
        <div class="ds-product-card--vertical-highlightlabel">
      
    </div>
    <div class="ds-product-card--vertical-infos">
      <div class="ds-product-card--vertical-text">
                
<a
  href="/p/boisson-artis-syrah-sans-alcool-3249381025661?t=27074"
  title="Boisson Artis syrah sans alcool "
  rel=""
  target=""
  class="product-card-title product-card-title__reduced-line-clamp"
>
  

      

<h2 class="ds-title ds-title--s ds-title--medium">
  Boisson Artis syrah sans alcool 
</h2>
</a>
      
                

    

<div class="ds-body-text ds-body-text--size-s ds-body-text--color-standard-3 product-card-packaging">
      la bouteille de 75cL
  </div>
      
                

    

<div class="ds-body-text ds-body-text--size-s ds-body-text--color-standard-3 product-card-per-unit-label">
      6.20 € / Litre
  </div>
      
      </div>
      <div class="ds-product-card--vertical-image">
                
<a
  href="/p/boisson-artis-syrah-sans-alcool-3249381025661?t=27074"
  title="Boisson Artis syrah sans alcool "
  rel=""
  target=""
  class="product-card-image"
>
  <img
      src="/images/loader-dots.svg"        data-src="/media/280x280/Photosite/PGC/BOISSONS/3249381025661_PHOTOSITE_20200909_163514_0.jpg?placeholder=1"        alt="Boisson Artis syrah sans alcool "
  class="image image--hidden image--lazy product-card-image__image"
/>
</a>
      
      </div>
    </div>
        
    
  </div>
  <div>
    <div class="ds-product-card--vertical-promotion">
      
    </div>
    <div class="ds-product-card--vertical-flex">
              
    

    


<div class="product-card-price">
  <div class="product-card-price__price">
    

    

<span class="ds-title ds-title--m product-card-price__price--final">
  4,65€
</span>

      </div>
</div>
      
      <div class="ds-product-card--vertical-cta">
                  
<form
  is="add-to-cart"
  id="data-produit-acheter"
  class="add-to-cart"
  :product="{&quot;type&quot;:&quot;product&quot;,&quot;id&quot;:&quot;product-3249381025661&quot;,&quot;attributes&quot;:{&quot;ean&quot;:&quot;3249381025661&quot;,&quot;cdbase&quot;:&quot;7074554&quot;,&quot;title&quot;:&quot;Boisson Artis syrah sans alcool &quot;,&quot;brand&quot;:&quot;REFS.SANS MARQUE&quot;,&quot;slug&quot;:&quot;boisson-artis-syrah-sans-alcool&quot;,&quot;availability&quot;:{&quot;indispensable&quot;:false,&quot;purchasable&quot;:true,&quot;stopped&quot;:false,&quot;suspended&quot;:false,&quot;suspensionReason&quot;:null,&quot;checkable&quot;:false,&quot;currentStoreOffer&quot;:null},&quot;price&quot;:{&quot;price&quot;:4.6500000000000004,&quot;unitOfMeasure&quot;:&quot;Litre&quot;,&quot;perUnitLabel&quot;:&quot;6.20 \u20ac \/ Litre&quot;,&quot;taxMessage&quot;:&quot;&quot;,&quot;perUnit&quot;:6.2000000000000002},&quot;ordering&quot;:{&quot;min&quot;:1,&quot;step&quot;:1,&quot;max&quot;:20},&quot;offerServiceId&quot;:&quot;0261-150-6&quot;,&quot;uri&quot;:&quot;boissons\/cave-a-vins\/vins-rouges\/vins-de-pays-vins-de-table-rouge&quot;,&quot;categories&quot;:[{&quot;id&quot;:&quot;27070&quot;,&quot;code&quot;:&quot;R10&quot;,&quot;slug&quot;:&quot;boissons&quot;,&quot;label&quot;:&quot;Boissons&quot;,&quot;uri&quot;:&quot;boissons&quot;,&quot;type&quot;:&quot;RAYON&quot;,&quot;level&quot;:1,&quot;sellerId&quot;:null},{&quot;id&quot;:&quot;27074&quot;,&quot;code&quot;:&quot;R10F02&quot;,&quot;slug&quot;:&quot;cave-a-vins&quot;,&quot;label&quot;:&quot;Cave \u00e0 vins&quot;,&quot;uri&quot;:&quot;boissons\/cave-a-vins&quot;,&quot;type&quot;:&quot;RAYON&quot;,&quot;level&quot;:2,&quot;sellerId&quot;:null},{&quot;id&quot;:&quot;27105&quot;,&quot;code&quot;:&quot;R10F02SF01&quot;,&quot;slug&quot;:&quot;vins-rouges&quot;,&quot;label&quot;:&quot;Vins rouges&quot;,&quot;uri&quot;:&quot;boissons\/cave-a-vins\/vins-rouges&quot;,&quot;type&quot;:&quot;RAYON&quot;,&quot;level&quot;:3,&quot;sellerId&quot;:null},{&quot;id&quot;:&quot;27150&quot;,&quot;code&quot;:&quot;R10F02SF01SS10&quot;,&quot;slug&quot;:&quot;vins-de-pays-vins-de-table-rouge&quot;,&quot;label&quot;:&quot;Vins de pays et Vins de table rouge&quot;,&quot;uri&quot;:&quot;boissons\/cave-a-vins\/vins-rouges\/vins-de-pays-vins-de-table-rouge&quot;,&quot;type&quot;:&quot;RAYON&quot;,&quot;level&quot;:4,&quot;sellerId&quot;:null}],&quot;topCategoryName&quot;:&quot;Boissons&quot;,&quot;images&quot;:[{&quot;largest&quot;:&quot;\/media\/1500x1500\/Photosite\/PGC\/BOISSONS\/3249381025661_PHOTOSITE_20200909_163514_0.jpg?placeholder=1&quot;,&quot;1500x1500&quot;:&quot;\/media\/1500x1500\/Photosite\/PGC\/BOISSONS\/3249381025661_PHOTOSITE_20200909_163514_0.jpg?placeholder=1&quot;,&quot;540x540&quot;:&quot;\/media\/540x540\/Photosite\/PGC\/BOISSONS\/3249381025661_PHOTOSITE_20200909_163514_0.jpg?placeholder=1&quot;,&quot;380x380&quot;:&quot;\/media\/380x380\/Photosite\/PGC\/BOISSONS\/3249381025661_PHOTOSITE_20200909_163514_0.jpg?placeholder=1&quot;,&quot;340x340&quot;:&quot;\/media\/340x340\/Photosite\/PGC\/BOISSONS\/3249381025661_PHOTOSITE_20200909_163514_0.jpg?placeholder=1&quot;,&quot;340x240&quot;:&quot;\/media\/340x240\/Photosite\/PGC\/BOISSONS\/3249381025661_PHOTOSITE_20200909_163514_0.jpg?placeholder=1&quot;,&quot;280x280&quot;:&quot;\/media\/280x280\/Photosite\/PGC\/BOISSONS\/3249381025661_PHOTOSITE_20200909_163514_0.jpg?placeholder=1&quot;,&quot;195x195&quot;:&quot;\/media\/195x195\/Photosite\/PGC\/BOISSONS\/3249381025661_PHOTOSITE_20200909_163514_0.jpg?placeholder=1&quot;,&quot;150x150&quot;:&quot;\/media\/150x150\/Photosite\/PGC\/BOISSONS\/3249381025661_PHOTOSITE_20200909_163514_0.jpg?placeholder=1&quot;,&quot;43x43&quot;:&quot;\/media\/43x43\/Photosite\/PGC\/BOISSONS\/3249381025661_PHOTOSITE_20200909_163514_0.jpg?placeholder=1&quot;}],&quot;promotion&quot;:null,&quot;isDonation&quot;:false,&quot;highlightLabel&quot;:null,&quot;seller&quot;:null,&quot;sellerId&quot;:null,&quot;marketplace&quot;:null,&quot;freshness&quot;:null,&quot;traceability&quot;:null,&quot;flags&quot;:[],&quot;clubs&quot;:[],&quot;packaging&quot;:&quot;la bouteille de 75cL&quot;,&quot;origin&quot;:&quot;&quot;,&quot;format&quot;:&quot;75cL&quot;},&quot;relationships&quot;:{&quot;substitution&quot;:null},&quot;meta&quot;:{&quot;recommendation&quot;:null,&quot;cta&quot;:&quot;buy&quot;,&quot;features&quot;:{&quot;shoppingList&quot;:true,&quot;deletable&quot;:false,&quot;swap&quot;:false,&quot;feedback&quot;:false,&quot;freshness&quot;:true}},&quot;links&quot;:{&quot;self&quot;:&quot;\/p\/boisson-artis-syrah-sans-alcool-3249381025661?t=27074&quot;}}"
  is-click-and-collect=""
  offer-service-id="0261-150-6"
  basket-service-id=""
  :render-context="{&quot;zone&quot;:&quot;product-list&quot;,&quot;clickAndCollectEnable&quot;:true}" >
  

<button
  class="pl-button pl-button--primary"
        
>
      <span class="pl-button__label">
                    </span>
  </button>
</form>

      
      </div>
    </div>
      </div>
</article>
</div>

                    </li>
            
                <li class="product-grid-item " >
    
                        


<div
  is="ds-product-card"
  class="ds-product-card__twigwrap"
  :index="55"
  :product="{&quot;type&quot;:&quot;product&quot;,&quot;id&quot;:&quot;product-8001929062201&quot;,&quot;attributes&quot;:{&quot;ean&quot;:&quot;8001929062201&quot;,&quot;cdbase&quot;:&quot;1226441&quot;,&quot;title&quot;:&quot;Vin p\u00e9tillant rouge Lambrusco DOC Italie AMABILE DI MODENA&quot;,&quot;brand&quot;:&quot;REFS.SANS MARQUE&quot;,&quot;slug&quot;:&quot;vin-petillant-rouge-lambrusco-doc-italie-amabile-di-modena&quot;,&quot;availability&quot;:{&quot;indispensable&quot;:false,&quot;purchasable&quot;:true,&quot;stopped&quot;:false,&quot;suspended&quot;:false,&quot;suspensionReason&quot;:null,&quot;checkable&quot;:false,&quot;currentStoreOffer&quot;:null},&quot;price&quot;:{&quot;price&quot;:2.9900000000000002,&quot;unitOfMeasure&quot;:&quot;Litre&quot;,&quot;perUnitLabel&quot;:&quot;3.99 \u20ac \/ Litre&quot;,&quot;taxMessage&quot;:&quot;&quot;,&quot;perUnit&quot;:3.9900000000000002},&quot;ordering&quot;:{&quot;min&quot;:1,&quot;step&quot;:1,&quot;max&quot;:6},&quot;offerServiceId&quot;:&quot;0261-150-6&quot;,&quot;uri&quot;:&quot;boissons\/cave-a-vins\/vins-etrangers&quot;,&quot;categories&quot;:[{&quot;id&quot;:&quot;27070&quot;,&quot;code&quot;:&quot;R10&quot;,&quot;slug&quot;:&quot;boissons&quot;,&quot;label&quot;:&quot;Boissons&quot;,&quot;uri&quot;:&quot;boissons&quot;,&quot;type&quot;:&quot;RAYON&quot;,&quot;level&quot;:1,&quot;sellerId&quot;:null},{&quot;id&quot;:&quot;27074&quot;,&quot;code&quot;:&quot;R10F02&quot;,&quot;slug&quot;:&quot;cave-a-vins&quot;,&quot;label&quot;:&quot;Cave \u00e0 vins&quot;,&quot;uri&quot;:&quot;boissons\/cave-a-vins&quot;,&quot;type&quot;:&quot;RAYON&quot;,&quot;level&quot;:2,&quot;sellerId&quot;:null},{&quot;id&quot;:&quot;27139&quot;,&quot;code&quot;:&quot;R10F02SF04&quot;,&quot;slug&quot;:&quot;vins-etrangers&quot;,&quot;label&quot;:&quot;Vins \u00e9trangers&quot;,&quot;uri&quot;:&quot;boissons\/cave-a-vins\/vins-etrangers&quot;,&quot;type&quot;:&quot;RAYON&quot;,&quot;level&quot;:3,&quot;sellerId&quot;:null}],&quot;topCategoryName&quot;:&quot;Boissons&quot;,&quot;images&quot;:[{&quot;largest&quot;:&quot;\/media\/1500x1500\/Photosite\/PGC\/BOISSONS\/8001929062201_PHOTOSITE_20200228_081616_0.jpg?placeholder=1&quot;,&quot;1500x1500&quot;:&quot;\/media\/1500x1500\/Photosite\/PGC\/BOISSONS\/8001929062201_PHOTOSITE_20200228_081616_0.jpg?placeholder=1&quot;,&quot;540x540&quot;:&quot;\/media\/540x540\/Photosite\/PGC\/BOISSONS\/8001929062201_PHOTOSITE_20200228_081616_0.jpg?placeholder=1&quot;,&quot;380x380&quot;:&quot;\/media\/380x380\/Photosite\/PGC\/BOISSONS\/8001929062201_PHOTOSITE_20200228_081616_0.jpg?placeholder=1&quot;,&quot;340x340&quot;:&quot;\/media\/340x340\/Photosite\/PGC\/BOISSONS\/8001929062201_PHOTOSITE_20200228_081616_0.jpg?placeholder=1&quot;,&quot;340x240&quot;:&quot;\/media\/340x240\/Photosite\/PGC\/BOISSONS\/8001929062201_PHOTOSITE_20200228_081616_0.jpg?placeholder=1&quot;,&quot;280x280&quot;:&quot;\/media\/280x280\/Photosite\/PGC\/BOISSONS\/8001929062201_PHOTOSITE_20200228_081616_0.jpg?placeholder=1&quot;,&quot;195x195&quot;:&quot;\/media\/195x195\/Photosite\/PGC\/BOISSONS\/8001929062201_PHOTOSITE_20200228_081616_0.jpg?placeholder=1&quot;,&quot;150x150&quot;:&quot;\/media\/150x150\/Photosite\/PGC\/BOISSONS\/8001929062201_PHOTOSITE_20200228_081616_0.jpg?placeholder=1&quot;,&quot;43x43&quot;:&quot;\/media\/43x43\/Photosite\/PGC\/BOISSONS\/8001929062201_PHOTOSITE_20200228_081616_0.jpg?placeholder=1&quot;}],&quot;promotion&quot;:null,&quot;isDonation&quot;:false,&quot;highlightLabel&quot;:null,&quot;seller&quot;:null,&quot;sellerId&quot;:null,&quot;marketplace&quot;:null,&quot;freshness&quot;:null,&quot;traceability&quot;:null,&quot;flags&quot;:[],&quot;clubs&quot;:[],&quot;packaging&quot;:&quot;La bouteille de 75cL&quot;,&quot;origin&quot;:&quot;&quot;,&quot;format&quot;:&quot;75cL&quot;},&quot;relationships&quot;:{&quot;substitution&quot;:null},&quot;meta&quot;:{&quot;recommendation&quot;:null,&quot;cta&quot;:&quot;buy&quot;,&quot;features&quot;:{&quot;shoppingList&quot;:true,&quot;deletable&quot;:false,&quot;swap&quot;:false,&quot;feedback&quot;:false,&quot;freshness&quot;:true}},&quot;links&quot;:{&quot;self&quot;:&quot;\/p\/vin-petillant-rouge-lambrusco-doc-italie-amabile-di-modena-8001929062201?t=27074&quot;}}"
  layout="vertical"
  :render-context="{&quot;zone&quot;:&quot;product-list&quot;,&quot;clickAndCollectEnable&quot;:true}"
  >
  <article class="ds-product-card ds-product-card--vertical">
  <div>
              <div class="ds-product-card--vertical-icons">
                <div
  class="add-to-shoppinglist"
  ean="8001929062201"
  is="add-to-shoppinglist"
></div>
      
        
      </div>
        <div class="ds-product-card--vertical-highlightlabel">
      
    </div>
    <div class="ds-product-card--vertical-infos">
      <div class="ds-product-card--vertical-text">
                
<a
  href="/p/vin-petillant-rouge-lambrusco-doc-italie-amabile-di-modena-8001929062201?t=27074"
  title="Vin pétillant rouge Lambrusco DOC Italie AMABILE DI MODENA"
  rel=""
  target=""
  class="product-card-title product-card-title__reduced-line-clamp"
>
  

      

<h2 class="ds-title ds-title--s ds-title--medium">
  Vin pétillant rouge Lambrusco DOC Italie AMABILE DI MODENA
</h2>
</a>
      
                

    

<div class="ds-body-text ds-body-text--size-s ds-body-text--color-standard-3 product-card-packaging">
      La bouteille de 75cL
  </div>
      
                

    

<div class="ds-body-text ds-body-text--size-s ds-body-text--color-standard-3 product-card-per-unit-label">
      3.99 € / Litre
  </div>
      
      </div>
      <div class="ds-product-card--vertical-image">
                
<a
  href="/p/vin-petillant-rouge-lambrusco-doc-italie-amabile-di-modena-8001929062201?t=27074"
  title="Vin pétillant rouge Lambrusco DOC Italie AMABILE DI MODENA"
  rel=""
  target=""
  class="product-card-image"
>
  <img
      src="/images/loader-dots.svg"        data-src="/media/280x280/Photosite/PGC/BOISSONS/8001929062201_PHOTOSITE_20200228_081616_0.jpg?placeholder=1"        alt="Vin pétillant rouge Lambrusco DOC Italie AMABILE DI MODENA"
  class="image image--hidden image--lazy product-card-image__image"
/>
</a>
      
      </div>
    </div>
        
    
  </div>
  <div>
    <div class="ds-product-card--vertical-promotion">
      
    </div>
    <div class="ds-product-card--vertical-flex">
              
    

    


<div class="product-card-price">
  <div class="product-card-price__price">
    

    

<span class="ds-title ds-title--m product-card-price__price--final">
  2,99€
</span>

      </div>
</div>
      
      <div class="ds-product-card--vertical-cta">
                  
<form
  is="add-to-cart"
  id="data-produit-acheter"
  class="add-to-cart"
  :product="{&quot;type&quot;:&quot;product&quot;,&quot;id&quot;:&quot;product-8001929062201&quot;,&quot;attributes&quot;:{&quot;ean&quot;:&quot;8001929062201&quot;,&quot;cdbase&quot;:&quot;1226441&quot;,&quot;title&quot;:&quot;Vin p\u00e9tillant rouge Lambrusco DOC Italie AMABILE DI MODENA&quot;,&quot;brand&quot;:&quot;REFS.SANS MARQUE&quot;,&quot;slug&quot;:&quot;vin-petillant-rouge-lambrusco-doc-italie-amabile-di-modena&quot;,&quot;availability&quot;:{&quot;indispensable&quot;:false,&quot;purchasable&quot;:true,&quot;stopped&quot;:false,&quot;suspended&quot;:false,&quot;suspensionReason&quot;:null,&quot;checkable&quot;:false,&quot;currentStoreOffer&quot;:null},&quot;price&quot;:{&quot;price&quot;:2.9900000000000002,&quot;unitOfMeasure&quot;:&quot;Litre&quot;,&quot;perUnitLabel&quot;:&quot;3.99 \u20ac \/ Litre&quot;,&quot;taxMessage&quot;:&quot;&quot;,&quot;perUnit&quot;:3.9900000000000002},&quot;ordering&quot;:{&quot;min&quot;:1,&quot;step&quot;:1,&quot;max&quot;:6},&quot;offerServiceId&quot;:&quot;0261-150-6&quot;,&quot;uri&quot;:&quot;boissons\/cave-a-vins\/vins-etrangers&quot;,&quot;categories&quot;:[{&quot;id&quot;:&quot;27070&quot;,&quot;code&quot;:&quot;R10&quot;,&quot;slug&quot;:&quot;boissons&quot;,&quot;label&quot;:&quot;Boissons&quot;,&quot;uri&quot;:&quot;boissons&quot;,&quot;type&quot;:&quot;RAYON&quot;,&quot;level&quot;:1,&quot;sellerId&quot;:null},{&quot;id&quot;:&quot;27074&quot;,&quot;code&quot;:&quot;R10F02&quot;,&quot;slug&quot;:&quot;cave-a-vins&quot;,&quot;label&quot;:&quot;Cave \u00e0 vins&quot;,&quot;uri&quot;:&quot;boissons\/cave-a-vins&quot;,&quot;type&quot;:&quot;RAYON&quot;,&quot;level&quot;:2,&quot;sellerId&quot;:null},{&quot;id&quot;:&quot;27139&quot;,&quot;code&quot;:&quot;R10F02SF04&quot;,&quot;slug&quot;:&quot;vins-etrangers&quot;,&quot;label&quot;:&quot;Vins \u00e9trangers&quot;,&quot;uri&quot;:&quot;boissons\/cave-a-vins\/vins-etrangers&quot;,&quot;type&quot;:&quot;RAYON&quot;,&quot;level&quot;:3,&quot;sellerId&quot;:null}],&quot;topCategoryName&quot;:&quot;Boissons&quot;,&quot;images&quot;:[{&quot;largest&quot;:&quot;\/media\/1500x1500\/Photosite\/PGC\/BOISSONS\/8001929062201_PHOTOSITE_20200228_081616_0.jpg?placeholder=1&quot;,&quot;1500x1500&quot;:&quot;\/media\/1500x1500\/Photosite\/PGC\/BOISSONS\/8001929062201_PHOTOSITE_20200228_081616_0.jpg?placeholder=1&quot;,&quot;540x540&quot;:&quot;\/media\/540x540\/Photosite\/PGC\/BOISSONS\/8001929062201_PHOTOSITE_20200228_081616_0.jpg?placeholder=1&quot;,&quot;380x380&quot;:&quot;\/media\/380x380\/Photosite\/PGC\/BOISSONS\/8001929062201_PHOTOSITE_20200228_081616_0.jpg?placeholder=1&quot;,&quot;340x340&quot;:&quot;\/media\/340x340\/Photosite\/PGC\/BOISSONS\/8001929062201_PHOTOSITE_20200228_081616_0.jpg?placeholder=1&quot;,&quot;340x240&quot;:&quot;\/media\/340x240\/Photosite\/PGC\/BOISSONS\/8001929062201_PHOTOSITE_20200228_081616_0.jpg?placeholder=1&quot;,&quot;280x280&quot;:&quot;\/media\/280x280\/Photosite\/PGC\/BOISSONS\/8001929062201_PHOTOSITE_20200228_081616_0.jpg?placeholder=1&quot;,&quot;195x195&quot;:&quot;\/media\/195x195\/Photosite\/PGC\/BOISSONS\/8001929062201_PHOTOSITE_20200228_081616_0.jpg?placeholder=1&quot;,&quot;150x150&quot;:&quot;\/media\/150x150\/Photosite\/PGC\/BOISSONS\/8001929062201_PHOTOSITE_20200228_081616_0.jpg?placeholder=1&quot;,&quot;43x43&quot;:&quot;\/media\/43x43\/Photosite\/PGC\/BOISSONS\/8001929062201_PHOTOSITE_20200228_081616_0.jpg?placeholder=1&quot;}],&quot;promotion&quot;:null,&quot;isDonation&quot;:false,&quot;highlightLabel&quot;:null,&quot;seller&quot;:null,&quot;sellerId&quot;:null,&quot;marketplace&quot;:null,&quot;freshness&quot;:null,&quot;traceability&quot;:null,&quot;flags&quot;:[],&quot;clubs&quot;:[],&quot;packaging&quot;:&quot;La bouteille de 75cL&quot;,&quot;origin&quot;:&quot;&quot;,&quot;format&quot;:&quot;75cL&quot;},&quot;relationships&quot;:{&quot;substitution&quot;:null},&quot;meta&quot;:{&quot;recommendation&quot;:null,&quot;cta&quot;:&quot;buy&quot;,&quot;features&quot;:{&quot;shoppingList&quot;:true,&quot;deletable&quot;:false,&quot;swap&quot;:false,&quot;feedback&quot;:false,&quot;freshness&quot;:true}},&quot;links&quot;:{&quot;self&quot;:&quot;\/p\/vin-petillant-rouge-lambrusco-doc-italie-amabile-di-modena-8001929062201?t=27074&quot;}}"
  is-click-and-collect=""
  offer-service-id="0261-150-6"
  basket-service-id=""
  :render-context="{&quot;zone&quot;:&quot;product-list&quot;,&quot;clickAndCollectEnable&quot;:true}" >
  

<button
  class="pl-button pl-button--primary"
        
>
      <span class="pl-button__label">
                    </span>
  </button>
</form>

      
      </div>
    </div>
      </div>
</article>
</div>

                    </li>
            
                <li class="product-grid-item " >
    
                        


<div
  is="ds-product-card"
  class="ds-product-card__twigwrap"
  :index="56"
  :product="{&quot;type&quot;:&quot;product&quot;,&quot;id&quot;:&quot;product-3245414903661&quot;,&quot;attributes&quot;:{&quot;ean&quot;:&quot;3245414903661&quot;,&quot;cdbase&quot;:&quot;3818509&quot;,&quot;title&quot;:&quot;Vin rouge C\u00f4tes de Bourg 2016 LA CAVE D&#039;AUGUSTIN FLORENT&quot;,&quot;brand&quot;:&quot;CAVE AUGUSTIN FLOREN&quot;,&quot;slug&quot;:&quot;vin-rouge-cotes-de-bourg-2016-la-cave-d-augustin-florent&quot;,&quot;availability&quot;:{&quot;indispensable&quot;:false,&quot;purchasable&quot;:true,&quot;stopped&quot;:false,&quot;suspended&quot;:false,&quot;suspensionReason&quot;:null,&quot;checkable&quot;:false,&quot;currentStoreOffer&quot;:null},&quot;price&quot;:{&quot;price&quot;:3.9500000000000002,&quot;unitOfMeasure&quot;:&quot;Litre&quot;,&quot;perUnitLabel&quot;:&quot;5.27 \u20ac \/ Litre&quot;,&quot;taxMessage&quot;:&quot;&quot;,&quot;perUnit&quot;:5.2699999999999996},&quot;ordering&quot;:{&quot;min&quot;:1,&quot;step&quot;:1,&quot;max&quot;:36},&quot;offerServiceId&quot;:&quot;0261-150-6&quot;,&quot;uri&quot;:&quot;boissons\/cave-a-vins\/vins-rouges\/bordeaux&quot;,&quot;categories&quot;:[{&quot;id&quot;:&quot;27070&quot;,&quot;code&quot;:&quot;R10&quot;,&quot;slug&quot;:&quot;boissons&quot;,&quot;label&quot;:&quot;Boissons&quot;,&quot;uri&quot;:&quot;boissons&quot;,&quot;type&quot;:&quot;RAYON&quot;,&quot;level&quot;:1,&quot;sellerId&quot;:null},{&quot;id&quot;:&quot;27074&quot;,&quot;code&quot;:&quot;R10F02&quot;,&quot;slug&quot;:&quot;cave-a-vins&quot;,&quot;label&quot;:&quot;Cave \u00e0 vins&quot;,&quot;uri&quot;:&quot;boissons\/cave-a-vins&quot;,&quot;type&quot;:&quot;RAYON&quot;,&quot;level&quot;:2,&quot;sellerId&quot;:null},{&quot;id&quot;:&quot;27105&quot;,&quot;code&quot;:&quot;R10F02SF01&quot;,&quot;slug&quot;:&quot;vins-rouges&quot;,&quot;label&quot;:&quot;Vins rouges&quot;,&quot;uri&quot;:&quot;boissons\/cave-a-vins\/vins-rouges&quot;,&quot;type&quot;:&quot;RAYON&quot;,&quot;level&quot;:3,&quot;sellerId&quot;:null},{&quot;id&quot;:&quot;27141&quot;,&quot;code&quot;:&quot;R10F02SF01SS01&quot;,&quot;slug&quot;:&quot;bordeaux&quot;,&quot;label&quot;:&quot;Bordeaux&quot;,&quot;uri&quot;:&quot;boissons\/cave-a-vins\/vins-rouges\/bordeaux&quot;,&quot;type&quot;:&quot;RAYON&quot;,&quot;level&quot;:4,&quot;sellerId&quot;:null}],&quot;topCategoryName&quot;:&quot;Boissons&quot;,&quot;images&quot;:[{&quot;largest&quot;:&quot;\/media\/1500x1500\/Photosite\/PGC\/BOISSONS\/3245414903661_PHOTOSITE_20161008_084227_0.jpg?placeholder=1&quot;,&quot;1500x1500&quot;:&quot;\/media\/1500x1500\/Photosite\/PGC\/BOISSONS\/3245414903661_PHOTOSITE_20161008_084227_0.jpg?placeholder=1&quot;,&quot;540x540&quot;:&quot;\/media\/540x540\/Photosite\/PGC\/BOISSONS\/3245414903661_PHOTOSITE_20161008_084227_0.jpg?placeholder=1&quot;,&quot;380x380&quot;:&quot;\/media\/380x380\/Photosite\/PGC\/BOISSONS\/3245414903661_PHOTOSITE_20161008_084227_0.jpg?placeholder=1&quot;,&quot;340x340&quot;:&quot;\/media\/340x340\/Photosite\/PGC\/BOISSONS\/3245414903661_PHOTOSITE_20161008_084227_0.jpg?placeholder=1&quot;,&quot;340x240&quot;:&quot;\/media\/340x240\/Photosite\/PGC\/BOISSONS\/3245414903661_PHOTOSITE_20161008_084227_0.jpg?placeholder=1&quot;,&quot;280x280&quot;:&quot;\/media\/280x280\/Photosite\/PGC\/BOISSONS\/3245414903661_PHOTOSITE_20161008_084227_0.jpg?placeholder=1&quot;,&quot;195x195&quot;:&quot;\/media\/195x195\/Photosite\/PGC\/BOISSONS\/3245414903661_PHOTOSITE_20161008_084227_0.jpg?placeholder=1&quot;,&quot;150x150&quot;:&quot;\/media\/150x150\/Photosite\/PGC\/BOISSONS\/3245414903661_PHOTOSITE_20161008_084227_0.jpg?placeholder=1&quot;,&quot;43x43&quot;:&quot;\/media\/43x43\/Photosite\/PGC\/BOISSONS\/3245414903661_PHOTOSITE_20161008_084227_0.jpg?placeholder=1&quot;},{&quot;largest&quot;:&quot;\/media\/1500x1500\/Photosite\/PGC\/BOISSONS\/3245414903661_PHOTOSITE_20161008_084227_7.jpg?placeholder=1&quot;,&quot;1500x1500&quot;:&quot;\/media\/1500x1500\/Photosite\/PGC\/BOISSONS\/3245414903661_PHOTOSITE_20161008_084227_7.jpg?placeholder=1&quot;,&quot;540x540&quot;:&quot;\/media\/540x540\/Photosite\/PGC\/BOISSONS\/3245414903661_PHOTOSITE_20161008_084227_7.jpg?placeholder=1&quot;,&quot;380x380&quot;:&quot;\/media\/380x380\/Photosite\/PGC\/BOISSONS\/3245414903661_PHOTOSITE_20161008_084227_7.jpg?placeholder=1&quot;,&quot;340x340&quot;:&quot;\/media\/340x340\/Photosite\/PGC\/BOISSONS\/3245414903661_PHOTOSITE_20161008_084227_7.jpg?placeholder=1&quot;,&quot;340x240&quot;:&quot;\/media\/340x240\/Photosite\/PGC\/BOISSONS\/3245414903661_PHOTOSITE_20161008_084227_7.jpg?placeholder=1&quot;,&quot;280x280&quot;:&quot;\/media\/280x280\/Photosite\/PGC\/BOISSONS\/3245414903661_PHOTOSITE_20161008_084227_7.jpg?placeholder=1&quot;,&quot;195x195&quot;:&quot;\/media\/195x195\/Photosite\/PGC\/BOISSONS\/3245414903661_PHOTOSITE_20161008_084227_7.jpg?placeholder=1&quot;,&quot;150x150&quot;:&quot;\/media\/150x150\/Photosite\/PGC\/BOISSONS\/3245414903661_PHOTOSITE_20161008_084227_7.jpg?placeholder=1&quot;,&quot;43x43&quot;:&quot;\/media\/43x43\/Photosite\/PGC\/BOISSONS\/3245414903661_PHOTOSITE_20161008_084227_7.jpg?placeholder=1&quot;}],&quot;promotion&quot;:null,&quot;isDonation&quot;:false,&quot;highlightLabel&quot;:null,&quot;seller&quot;:null,&quot;sellerId&quot;:null,&quot;marketplace&quot;:null,&quot;freshness&quot;:null,&quot;traceability&quot;:null,&quot;flags&quot;:[],&quot;clubs&quot;:[],&quot;packaging&quot;:&quot;la bouteille de 75cl&quot;,&quot;origin&quot;:&quot;&quot;,&quot;format&quot;:&quot;75cL&quot;},&quot;relationships&quot;:{&quot;substitution&quot;:null},&quot;meta&quot;:{&quot;recommendation&quot;:null,&quot;cta&quot;:&quot;buy&quot;,&quot;features&quot;:{&quot;shoppingList&quot;:true,&quot;deletable&quot;:false,&quot;swap&quot;:false,&quot;feedback&quot;:false,&quot;freshness&quot;:true}},&quot;links&quot;:{&quot;self&quot;:&quot;\/p\/vin-rouge-cotes-de-bourg-2016-la-cave-d-augustin-florent-3245414903661?t=27074&quot;}}"
  layout="vertical"
  :render-context="{&quot;zone&quot;:&quot;product-list&quot;,&quot;clickAndCollectEnable&quot;:true}"
  >
  <article class="ds-product-card ds-product-card--vertical">
  <div>
              <div class="ds-product-card--vertical-icons">
                <div
  class="add-to-shoppinglist"
  ean="3245414903661"
  is="add-to-shoppinglist"
></div>
      
        
      </div>
        <div class="ds-product-card--vertical-highlightlabel">
      
    </div>
    <div class="ds-product-card--vertical-infos">
      <div class="ds-product-card--vertical-text">
                
<a
  href="/p/vin-rouge-cotes-de-bourg-2016-la-cave-d-augustin-florent-3245414903661?t=27074"
  title="Vin rouge Côtes de Bourg 2016 LA CAVE D&#039;AUGUSTIN FLORENT"
  rel=""
  target=""
  class="product-card-title product-card-title__reduced-line-clamp"
>
  

      

<h2 class="ds-title ds-title--s ds-title--medium">
  Vin rouge Côtes de Bourg 2016 LA CAVE D&#039;AUGUSTIN FLORENT
</h2>
</a>
      
                

    

<div class="ds-body-text ds-body-text--size-s ds-body-text--color-standard-3 product-card-packaging">
      la bouteille de 75cl
  </div>
      
                

    

<div class="ds-body-text ds-body-text--size-s ds-body-text--color-standard-3 product-card-per-unit-label">
      5.27 € / Litre
  </div>
      
      </div>
      <div class="ds-product-card--vertical-image">
                
<a
  href="/p/vin-rouge-cotes-de-bourg-2016-la-cave-d-augustin-florent-3245414903661?t=27074"
  title="Vin rouge Côtes de Bourg 2016 LA CAVE D&#039;AUGUSTIN FLORENT"
  rel=""
  target=""
  class="product-card-image"
>
  <img
      src="/images/loader-dots.svg"        data-src="/media/280x280/Photosite/PGC/BOISSONS/3245414903661_PHOTOSITE_20161008_084227_0.jpg?placeholder=1"        alt="Vin rouge Côtes de Bourg 2016 LA CAVE D&#039;AUGUSTIN FLORENT"
  class="image image--hidden image--lazy product-card-image__image"
/>
</a>
      
      </div>
    </div>
        
    
  </div>
  <div>
    <div class="ds-product-card--vertical-promotion">
      
    </div>
    <div class="ds-product-card--vertical-flex">
              
    

    


<div class="product-card-price">
  <div class="product-card-price__price">
    

    

<span class="ds-title ds-title--m product-card-price__price--final">
  3,95€
</span>

      </div>
</div>
      
      <div class="ds-product-card--vertical-cta">
                  
<form
  is="add-to-cart"
  id="data-produit-acheter"
  class="add-to-cart"
  :product="{&quot;type&quot;:&quot;product&quot;,&quot;id&quot;:&quot;product-3245414903661&quot;,&quot;attributes&quot;:{&quot;ean&quot;:&quot;3245414903661&quot;,&quot;cdbase&quot;:&quot;3818509&quot;,&quot;title&quot;:&quot;Vin rouge C\u00f4tes de Bourg 2016 LA CAVE D&#039;AUGUSTIN FLORENT&quot;,&quot;brand&quot;:&quot;CAVE AUGUSTIN FLOREN&quot;,&quot;slug&quot;:&quot;vin-rouge-cotes-de-bourg-2016-la-cave-d-augustin-florent&quot;,&quot;availability&quot;:{&quot;indispensable&quot;:false,&quot;purchasable&quot;:true,&quot;stopped&quot;:false,&quot;suspended&quot;:false,&quot;suspensionReason&quot;:null,&quot;checkable&quot;:false,&quot;currentStoreOffer&quot;:null},&quot;price&quot;:{&quot;price&quot;:3.9500000000000002,&quot;unitOfMeasure&quot;:&quot;Litre&quot;,&quot;perUnitLabel&quot;:&quot;5.27 \u20ac \/ Litre&quot;,&quot;taxMessage&quot;:&quot;&quot;,&quot;perUnit&quot;:5.2699999999999996},&quot;ordering&quot;:{&quot;min&quot;:1,&quot;step&quot;:1,&quot;max&quot;:36},&quot;offerServiceId&quot;:&quot;0261-150-6&quot;,&quot;uri&quot;:&quot;boissons\/cave-a-vins\/vins-rouges\/bordeaux&quot;,&quot;categories&quot;:[{&quot;id&quot;:&quot;27070&quot;,&quot;code&quot;:&quot;R10&quot;,&quot;slug&quot;:&quot;boissons&quot;,&quot;label&quot;:&quot;Boissons&quot;,&quot;uri&quot;:&quot;boissons&quot;,&quot;type&quot;:&quot;RAYON&quot;,&quot;level&quot;:1,&quot;sellerId&quot;:null},{&quot;id&quot;:&quot;27074&quot;,&quot;code&quot;:&quot;R10F02&quot;,&quot;slug&quot;:&quot;cave-a-vins&quot;,&quot;label&quot;:&quot;Cave \u00e0 vins&quot;,&quot;uri&quot;:&quot;boissons\/cave-a-vins&quot;,&quot;type&quot;:&quot;RAYON&quot;,&quot;level&quot;:2,&quot;sellerId&quot;:null},{&quot;id&quot;:&quot;27105&quot;,&quot;code&quot;:&quot;R10F02SF01&quot;,&quot;slug&quot;:&quot;vins-rouges&quot;,&quot;label&quot;:&quot;Vins rouges&quot;,&quot;uri&quot;:&quot;boissons\/cave-a-vins\/vins-rouges&quot;,&quot;type&quot;:&quot;RAYON&quot;,&quot;level&quot;:3,&quot;sellerId&quot;:null},{&quot;id&quot;:&quot;27141&quot;,&quot;code&quot;:&quot;R10F02SF01SS01&quot;,&quot;slug&quot;:&quot;bordeaux&quot;,&quot;label&quot;:&quot;Bordeaux&quot;,&quot;uri&quot;:&quot;boissons\/cave-a-vins\/vins-rouges\/bordeaux&quot;,&quot;type&quot;:&quot;RAYON&quot;,&quot;level&quot;:4,&quot;sellerId&quot;:null}],&quot;topCategoryName&quot;:&quot;Boissons&quot;,&quot;images&quot;:[{&quot;largest&quot;:&quot;\/media\/1500x1500\/Photosite\/PGC\/BOISSONS\/3245414903661_PHOTOSITE_20161008_084227_0.jpg?placeholder=1&quot;,&quot;1500x1500&quot;:&quot;\/media\/1500x1500\/Photosite\/PGC\/BOISSONS\/3245414903661_PHOTOSITE_20161008_084227_0.jpg?placeholder=1&quot;,&quot;540x540&quot;:&quot;\/media\/540x540\/Photosite\/PGC\/BOISSONS\/3245414903661_PHOTOSITE_20161008_084227_0.jpg?placeholder=1&quot;,&quot;380x380&quot;:&quot;\/media\/380x380\/Photosite\/PGC\/BOISSONS\/3245414903661_PHOTOSITE_20161008_084227_0.jpg?placeholder=1&quot;,&quot;340x340&quot;:&quot;\/media\/340x340\/Photosite\/PGC\/BOISSONS\/3245414903661_PHOTOSITE_20161008_084227_0.jpg?placeholder=1&quot;,&quot;340x240&quot;:&quot;\/media\/340x240\/Photosite\/PGC\/BOISSONS\/3245414903661_PHOTOSITE_20161008_084227_0.jpg?placeholder=1&quot;,&quot;280x280&quot;:&quot;\/media\/280x280\/Photosite\/PGC\/BOISSONS\/3245414903661_PHOTOSITE_20161008_084227_0.jpg?placeholder=1&quot;,&quot;195x195&quot;:&quot;\/media\/195x195\/Photosite\/PGC\/BOISSONS\/3245414903661_PHOTOSITE_20161008_084227_0.jpg?placeholder=1&quot;,&quot;150x150&quot;:&quot;\/media\/150x150\/Photosite\/PGC\/BOISSONS\/3245414903661_PHOTOSITE_20161008_084227_0.jpg?placeholder=1&quot;,&quot;43x43&quot;:&quot;\/media\/43x43\/Photosite\/PGC\/BOISSONS\/3245414903661_PHOTOSITE_20161008_084227_0.jpg?placeholder=1&quot;},{&quot;largest&quot;:&quot;\/media\/1500x1500\/Photosite\/PGC\/BOISSONS\/3245414903661_PHOTOSITE_20161008_084227_7.jpg?placeholder=1&quot;,&quot;1500x1500&quot;:&quot;\/media\/1500x1500\/Photosite\/PGC\/BOISSONS\/3245414903661_PHOTOSITE_20161008_084227_7.jpg?placeholder=1&quot;,&quot;540x540&quot;:&quot;\/media\/540x540\/Photosite\/PGC\/BOISSONS\/3245414903661_PHOTOSITE_20161008_084227_7.jpg?placeholder=1&quot;,&quot;380x380&quot;:&quot;\/media\/380x380\/Photosite\/PGC\/BOISSONS\/3245414903661_PHOTOSITE_20161008_084227_7.jpg?placeholder=1&quot;,&quot;340x340&quot;:&quot;\/media\/340x340\/Photosite\/PGC\/BOISSONS\/3245414903661_PHOTOSITE_20161008_084227_7.jpg?placeholder=1&quot;,&quot;340x240&quot;:&quot;\/media\/340x240\/Photosite\/PGC\/BOISSONS\/3245414903661_PHOTOSITE_20161008_084227_7.jpg?placeholder=1&quot;,&quot;280x280&quot;:&quot;\/media\/280x280\/Photosite\/PGC\/BOISSONS\/3245414903661_PHOTOSITE_20161008_084227_7.jpg?placeholder=1&quot;,&quot;195x195&quot;:&quot;\/media\/195x195\/Photosite\/PGC\/BOISSONS\/3245414903661_PHOTOSITE_20161008_084227_7.jpg?placeholder=1&quot;,&quot;150x150&quot;:&quot;\/media\/150x150\/Photosite\/PGC\/BOISSONS\/3245414903661_PHOTOSITE_20161008_084227_7.jpg?placeholder=1&quot;,&quot;43x43&quot;:&quot;\/media\/43x43\/Photosite\/PGC\/BOISSONS\/3245414903661_PHOTOSITE_20161008_084227_7.jpg?placeholder=1&quot;}],&quot;promotion&quot;:null,&quot;isDonation&quot;:false,&quot;highlightLabel&quot;:null,&quot;seller&quot;:null,&quot;sellerId&quot;:null,&quot;marketplace&quot;:null,&quot;freshness&quot;:null,&quot;traceability&quot;:null,&quot;flags&quot;:[],&quot;clubs&quot;:[],&quot;packaging&quot;:&quot;la bouteille de 75cl&quot;,&quot;origin&quot;:&quot;&quot;,&quot;format&quot;:&quot;75cL&quot;},&quot;relationships&quot;:{&quot;substitution&quot;:null},&quot;meta&quot;:{&quot;recommendation&quot;:null,&quot;cta&quot;:&quot;buy&quot;,&quot;features&quot;:{&quot;shoppingList&quot;:true,&quot;deletable&quot;:false,&quot;swap&quot;:false,&quot;feedback&quot;:false,&quot;freshness&quot;:true}},&quot;links&quot;:{&quot;self&quot;:&quot;\/p\/vin-rouge-cotes-de-bourg-2016-la-cave-d-augustin-florent-3245414903661?t=27074&quot;}}"
  is-click-and-collect=""
  offer-service-id="0261-150-6"
  basket-service-id=""
  :render-context="{&quot;zone&quot;:&quot;product-list&quot;,&quot;clickAndCollectEnable&quot;:true}" >
  

<button
  class="pl-button pl-button--primary"
        
>
      <span class="pl-button__label">
                    </span>
  </button>
</form>

      
      </div>
    </div>
      </div>
</article>
</div>

                    </li>
            
                <li class="product-grid-item " >
    
                        


<div
  is="ds-product-card"
  class="ds-product-card__twigwrap"
  :index="57"
  :product="{&quot;type&quot;:&quot;product&quot;,&quot;id&quot;:&quot;product-3245414879164&quot;,&quot;attributes&quot;:{&quot;ean&quot;:&quot;3245414879164&quot;,&quot;cdbase&quot;:&quot;3804070&quot;,&quot;title&quot;:&quot;Vin Rouge Vall\u00e9e du Rh\u00f4ne C\u00f4tes du Rh\u00f4ne LA CAVE D&#039;AUGUSTIN FLORENT \&quot;LES PIERRASQUES\&quot;&quot;,&quot;brand&quot;:&quot;CAVE AUGUSTIN FLOREN&quot;,&quot;slug&quot;:&quot;vin-rouge-vallee-du-rhone-cotes-du-rhone-la-cave-d-augustin-florent-les-pierrasques&quot;,&quot;availability&quot;:{&quot;indispensable&quot;:false,&quot;purchasable&quot;:true,&quot;stopped&quot;:false,&quot;suspended&quot;:false,&quot;suspensionReason&quot;:null,&quot;checkable&quot;:false,&quot;currentStoreOffer&quot;:null},&quot;price&quot;:{&quot;price&quot;:3.3500000000000001,&quot;unitOfMeasure&quot;:&quot;Litre&quot;,&quot;perUnitLabel&quot;:&quot;4.47 \u20ac \/ Litre&quot;,&quot;taxMessage&quot;:&quot;&quot;,&quot;perUnit&quot;:4.4699999999999998},&quot;ordering&quot;:{&quot;min&quot;:1,&quot;step&quot;:1,&quot;max&quot;:36},&quot;offerServiceId&quot;:&quot;0261-150-6&quot;,&quot;uri&quot;:&quot;boissons\/cave-a-vins\/vins-rouges\/vallee-du-rhone&quot;,&quot;categories&quot;:[{&quot;id&quot;:&quot;27070&quot;,&quot;code&quot;:&quot;R10&quot;,&quot;slug&quot;:&quot;boissons&quot;,&quot;label&quot;:&quot;Boissons&quot;,&quot;uri&quot;:&quot;boissons&quot;,&quot;type&quot;:&quot;RAYON&quot;,&quot;level&quot;:1,&quot;sellerId&quot;:null},{&quot;id&quot;:&quot;27074&quot;,&quot;code&quot;:&quot;R10F02&quot;,&quot;slug&quot;:&quot;cave-a-vins&quot;,&quot;label&quot;:&quot;Cave \u00e0 vins&quot;,&quot;uri&quot;:&quot;boissons\/cave-a-vins&quot;,&quot;type&quot;:&quot;RAYON&quot;,&quot;level&quot;:2,&quot;sellerId&quot;:null},{&quot;id&quot;:&quot;27105&quot;,&quot;code&quot;:&quot;R10F02SF01&quot;,&quot;slug&quot;:&quot;vins-rouges&quot;,&quot;label&quot;:&quot;Vins rouges&quot;,&quot;uri&quot;:&quot;boissons\/cave-a-vins\/vins-rouges&quot;,&quot;type&quot;:&quot;RAYON&quot;,&quot;level&quot;:3,&quot;sellerId&quot;:null},{&quot;id&quot;:&quot;27142&quot;,&quot;code&quot;:&quot;R10F02SF01SS02&quot;,&quot;slug&quot;:&quot;vallee-du-rhone&quot;,&quot;label&quot;:&quot;Vall\u00e9e du Rh\u00f4ne&quot;,&quot;uri&quot;:&quot;boissons\/cave-a-vins\/vins-rouges\/vallee-du-rhone&quot;,&quot;type&quot;:&quot;RAYON&quot;,&quot;level&quot;:4,&quot;sellerId&quot;:null}],&quot;topCategoryName&quot;:&quot;Boissons&quot;,&quot;images&quot;:[{&quot;largest&quot;:&quot;\/media\/1500x1500\/Photosite\/PGC\/BOISSONS\/3245414879164_PHOTOSITE_20200822_053357_0.jpg?placeholder=1&quot;,&quot;1500x1500&quot;:&quot;\/media\/1500x1500\/Photosite\/PGC\/BOISSONS\/3245414879164_PHOTOSITE_20200822_053357_0.jpg?placeholder=1&quot;,&quot;540x540&quot;:&quot;\/media\/540x540\/Photosite\/PGC\/BOISSONS\/3245414879164_PHOTOSITE_20200822_053357_0.jpg?placeholder=1&quot;,&quot;380x380&quot;:&quot;\/media\/380x380\/Photosite\/PGC\/BOISSONS\/3245414879164_PHOTOSITE_20200822_053357_0.jpg?placeholder=1&quot;,&quot;340x340&quot;:&quot;\/media\/340x340\/Photosite\/PGC\/BOISSONS\/3245414879164_PHOTOSITE_20200822_053357_0.jpg?placeholder=1&quot;,&quot;340x240&quot;:&quot;\/media\/340x240\/Photosite\/PGC\/BOISSONS\/3245414879164_PHOTOSITE_20200822_053357_0.jpg?placeholder=1&quot;,&quot;280x280&quot;:&quot;\/media\/280x280\/Photosite\/PGC\/BOISSONS\/3245414879164_PHOTOSITE_20200822_053357_0.jpg?placeholder=1&quot;,&quot;195x195&quot;:&quot;\/media\/195x195\/Photosite\/PGC\/BOISSONS\/3245414879164_PHOTOSITE_20200822_053357_0.jpg?placeholder=1&quot;,&quot;150x150&quot;:&quot;\/media\/150x150\/Photosite\/PGC\/BOISSONS\/3245414879164_PHOTOSITE_20200822_053357_0.jpg?placeholder=1&quot;,&quot;43x43&quot;:&quot;\/media\/43x43\/Photosite\/PGC\/BOISSONS\/3245414879164_PHOTOSITE_20200822_053357_0.jpg?placeholder=1&quot;}],&quot;promotion&quot;:null,&quot;isDonation&quot;:false,&quot;highlightLabel&quot;:null,&quot;seller&quot;:null,&quot;sellerId&quot;:null,&quot;marketplace&quot;:null,&quot;freshness&quot;:null,&quot;traceability&quot;:null,&quot;flags&quot;:[&quot;flag.common.glutenfree&quot;],&quot;clubs&quot;:[],&quot;packaging&quot;:&quot;la bouteille de 75cL - Vendues Par &quot;,&quot;origin&quot;:&quot;&quot;,&quot;format&quot;:&quot;75cL&quot;},&quot;relationships&quot;:{&quot;substitution&quot;:null},&quot;meta&quot;:{&quot;recommendation&quot;:null,&quot;cta&quot;:&quot;buy&quot;,&quot;features&quot;:{&quot;shoppingList&quot;:true,&quot;deletable&quot;:false,&quot;swap&quot;:false,&quot;feedback&quot;:false,&quot;freshness&quot;:true}},&quot;links&quot;:{&quot;self&quot;:&quot;\/p\/vin-rouge-vallee-du-rhone-cotes-du-rhone-la-cave-d-augustin-florent-les-pierrasques-3245414879164?t=27074&quot;}}"
  layout="vertical"
  :render-context="{&quot;zone&quot;:&quot;product-list&quot;,&quot;clickAndCollectEnable&quot;:true}"
  >
  <article class="ds-product-card ds-product-card--vertical">
  <div>
              <div class="ds-product-card--vertical-icons">
                <div
  class="add-to-shoppinglist"
  ean="3245414879164"
  is="add-to-shoppinglist"
></div>
      
        
      </div>
        <div class="ds-product-card--vertical-highlightlabel">
      
    </div>
    <div class="ds-product-card--vertical-infos">
      <div class="ds-product-card--vertical-text">
                
<a
  href="/p/vin-rouge-vallee-du-rhone-cotes-du-rhone-la-cave-d-augustin-florent-les-pierrasques-3245414879164?t=27074"
  title="Vin Rouge Vallée du Rhône Côtes du Rhône LA CAVE D&#039;AUGUSTIN FLORENT &quot;LES PIERRASQUES&quot;"
  rel=""
  target=""
  class="product-card-title product-card-title__reduced-line-clamp"
>
  

      

<h2 class="ds-title ds-title--s ds-title--medium">
  Vin Rouge Vallée du Rhône Côtes du Rhône LA CAVE D&#039;AUGUSTIN FLORENT &quot;LES PIERRASQUES&quot;
</h2>
</a>
      
                

    

<div class="ds-body-text ds-body-text--size-s ds-body-text--color-standard-3 product-card-packaging">
      la bouteille de 75cL - Vendues Par 
  </div>
      
                

    

<div class="ds-body-text ds-body-text--size-s ds-body-text--color-standard-3 product-card-per-unit-label">
      4.47 € / Litre
  </div>
      
      </div>
      <div class="ds-product-card--vertical-image">
                
<a
  href="/p/vin-rouge-vallee-du-rhone-cotes-du-rhone-la-cave-d-augustin-florent-les-pierrasques-3245414879164?t=27074"
  title="Vin Rouge Vallée du Rhône Côtes du Rhône LA CAVE D&#039;AUGUSTIN FLORENT &quot;LES PIERRASQUES&quot;"
  rel=""
  target=""
  class="product-card-image"
>
  <img
      src="/images/loader-dots.svg"        data-src="/media/280x280/Photosite/PGC/BOISSONS/3245414879164_PHOTOSITE_20200822_053357_0.jpg?placeholder=1"        alt="Vin Rouge Vallée du Rhône Côtes du Rhône LA CAVE D&#039;AUGUSTIN FLORENT &quot;LES PIERRASQUES&quot;"
  class="image image--hidden image--lazy product-card-image__image"
/>
</a>
      
      </div>
    </div>
          <div class="ds-product-card--vertical-badges">
                

  <ul class="product-badges-list" is="product-badges-list" :flags="[&quot;flag.common.glutenfree&quot;]" :modifiers="[&quot;size-m&quot;]">
                            <li class="product-badges-list__item">
            

<a class="product-badge__link product-badge--flag-common-glutenfr product-badge--size-m" href="#flag.common.glutenfree" data-flag-id="flag.common.glutenfree">
  <picture class="product-badge__icon">
    <img
      src="/images/badges/flag-common-glutenfree.svg"         alt="Sans gluten"
  class="image product-badge__icon__img"
/>
  </picture>
  <span class="product-badge__title">Sans gluten</span>
</a>
          </li>
                    </ul>
      
      </div>
        
    
  </div>
  <div>
    <div class="ds-product-card--vertical-promotion">
      
    </div>
    <div class="ds-product-card--vertical-flex">
              
    

    


<div class="product-card-price">
  <div class="product-card-price__price">
    

    

<span class="ds-title ds-title--m product-card-price__price--final">
  3,35€
</span>

      </div>
</div>
      
      <div class="ds-product-card--vertical-cta">
                  
<form
  is="add-to-cart"
  id="data-produit-acheter"
  class="add-to-cart"
  :product="{&quot;type&quot;:&quot;product&quot;,&quot;id&quot;:&quot;product-3245414879164&quot;,&quot;attributes&quot;:{&quot;ean&quot;:&quot;3245414879164&quot;,&quot;cdbase&quot;:&quot;3804070&quot;,&quot;title&quot;:&quot;Vin Rouge Vall\u00e9e du Rh\u00f4ne C\u00f4tes du Rh\u00f4ne LA CAVE D&#039;AUGUSTIN FLORENT \&quot;LES PIERRASQUES\&quot;&quot;,&quot;brand&quot;:&quot;CAVE AUGUSTIN FLOREN&quot;,&quot;slug&quot;:&quot;vin-rouge-vallee-du-rhone-cotes-du-rhone-la-cave-d-augustin-florent-les-pierrasques&quot;,&quot;availability&quot;:{&quot;indispensable&quot;:false,&quot;purchasable&quot;:true,&quot;stopped&quot;:false,&quot;suspended&quot;:false,&quot;suspensionReason&quot;:null,&quot;checkable&quot;:false,&quot;currentStoreOffer&quot;:null},&quot;price&quot;:{&quot;price&quot;:3.3500000000000001,&quot;unitOfMeasure&quot;:&quot;Litre&quot;,&quot;perUnitLabel&quot;:&quot;4.47 \u20ac \/ Litre&quot;,&quot;taxMessage&quot;:&quot;&quot;,&quot;perUnit&quot;:4.4699999999999998},&quot;ordering&quot;:{&quot;min&quot;:1,&quot;step&quot;:1,&quot;max&quot;:36},&quot;offerServiceId&quot;:&quot;0261-150-6&quot;,&quot;uri&quot;:&quot;boissons\/cave-a-vins\/vins-rouges\/vallee-du-rhone&quot;,&quot;categories&quot;:[{&quot;id&quot;:&quot;27070&quot;,&quot;code&quot;:&quot;R10&quot;,&quot;slug&quot;:&quot;boissons&quot;,&quot;label&quot;:&quot;Boissons&quot;,&quot;uri&quot;:&quot;boissons&quot;,&quot;type&quot;:&quot;RAYON&quot;,&quot;level&quot;:1,&quot;sellerId&quot;:null},{&quot;id&quot;:&quot;27074&quot;,&quot;code&quot;:&quot;R10F02&quot;,&quot;slug&quot;:&quot;cave-a-vins&quot;,&quot;label&quot;:&quot;Cave \u00e0 vins&quot;,&quot;uri&quot;:&quot;boissons\/cave-a-vins&quot;,&quot;type&quot;:&quot;RAYON&quot;,&quot;level&quot;:2,&quot;sellerId&quot;:null},{&quot;id&quot;:&quot;27105&quot;,&quot;code&quot;:&quot;R10F02SF01&quot;,&quot;slug&quot;:&quot;vins-rouges&quot;,&quot;label&quot;:&quot;Vins rouges&quot;,&quot;uri&quot;:&quot;boissons\/cave-a-vins\/vins-rouges&quot;,&quot;type&quot;:&quot;RAYON&quot;,&quot;level&quot;:3,&quot;sellerId&quot;:null},{&quot;id&quot;:&quot;27142&quot;,&quot;code&quot;:&quot;R10F02SF01SS02&quot;,&quot;slug&quot;:&quot;vallee-du-rhone&quot;,&quot;label&quot;:&quot;Vall\u00e9e du Rh\u00f4ne&quot;,&quot;uri&quot;:&quot;boissons\/cave-a-vins\/vins-rouges\/vallee-du-rhone&quot;,&quot;type&quot;:&quot;RAYON&quot;,&quot;level&quot;:4,&quot;sellerId&quot;:null}],&quot;topCategoryName&quot;:&quot;Boissons&quot;,&quot;images&quot;:[{&quot;largest&quot;:&quot;\/media\/1500x1500\/Photosite\/PGC\/BOISSONS\/3245414879164_PHOTOSITE_20200822_053357_0.jpg?placeholder=1&quot;,&quot;1500x1500&quot;:&quot;\/media\/1500x1500\/Photosite\/PGC\/BOISSONS\/3245414879164_PHOTOSITE_20200822_053357_0.jpg?placeholder=1&quot;,&quot;540x540&quot;:&quot;\/media\/540x540\/Photosite\/PGC\/BOISSONS\/3245414879164_PHOTOSITE_20200822_053357_0.jpg?placeholder=1&quot;,&quot;380x380&quot;:&quot;\/media\/380x380\/Photosite\/PGC\/BOISSONS\/3245414879164_PHOTOSITE_20200822_053357_0.jpg?placeholder=1&quot;,&quot;340x340&quot;:&quot;\/media\/340x340\/Photosite\/PGC\/BOISSONS\/3245414879164_PHOTOSITE_20200822_053357_0.jpg?placeholder=1&quot;,&quot;340x240&quot;:&quot;\/media\/340x240\/Photosite\/PGC\/BOISSONS\/3245414879164_PHOTOSITE_20200822_053357_0.jpg?placeholder=1&quot;,&quot;280x280&quot;:&quot;\/media\/280x280\/Photosite\/PGC\/BOISSONS\/3245414879164_PHOTOSITE_20200822_053357_0.jpg?placeholder=1&quot;,&quot;195x195&quot;:&quot;\/media\/195x195\/Photosite\/PGC\/BOISSONS\/3245414879164_PHOTOSITE_20200822_053357_0.jpg?placeholder=1&quot;,&quot;150x150&quot;:&quot;\/media\/150x150\/Photosite\/PGC\/BOISSONS\/3245414879164_PHOTOSITE_20200822_053357_0.jpg?placeholder=1&quot;,&quot;43x43&quot;:&quot;\/media\/43x43\/Photosite\/PGC\/BOISSONS\/3245414879164_PHOTOSITE_20200822_053357_0.jpg?placeholder=1&quot;}],&quot;promotion&quot;:null,&quot;isDonation&quot;:false,&quot;highlightLabel&quot;:null,&quot;seller&quot;:null,&quot;sellerId&quot;:null,&quot;marketplace&quot;:null,&quot;freshness&quot;:null,&quot;traceability&quot;:null,&quot;flags&quot;:[&quot;flag.common.glutenfree&quot;],&quot;clubs&quot;:[],&quot;packaging&quot;:&quot;la bouteille de 75cL - Vendues Par &quot;,&quot;origin&quot;:&quot;&quot;,&quot;format&quot;:&quot;75cL&quot;},&quot;relationships&quot;:{&quot;substitution&quot;:null},&quot;meta&quot;:{&quot;recommendation&quot;:null,&quot;cta&quot;:&quot;buy&quot;,&quot;features&quot;:{&quot;shoppingList&quot;:true,&quot;deletable&quot;:false,&quot;swap&quot;:false,&quot;feedback&quot;:false,&quot;freshness&quot;:true}},&quot;links&quot;:{&quot;self&quot;:&quot;\/p\/vin-rouge-vallee-du-rhone-cotes-du-rhone-la-cave-d-augustin-florent-les-pierrasques-3245414879164?t=27074&quot;}}"
  is-click-and-collect=""
  offer-service-id="0261-150-6"
  basket-service-id=""
  :render-context="{&quot;zone&quot;:&quot;product-list&quot;,&quot;clickAndCollectEnable&quot;:true}" >
  

<button
  class="pl-button pl-button--primary"
        
>
      <span class="pl-button__label">
                    </span>
  </button>
</form>

      
      </div>
    </div>
      </div>
</article>
</div>

                    </li>
            
                <li class="product-grid-item " >
    
                        


<div
  is="ds-product-card"
  class="ds-product-card__twigwrap"
  :index="58"
  :product="{&quot;type&quot;:&quot;product&quot;,&quot;id&quot;:&quot;product-3245414974548&quot;,&quot;attributes&quot;:{&quot;ean&quot;:&quot;3245414974548&quot;,&quot;cdbase&quot;:&quot;3880918&quot;,&quot;title&quot;:&quot;Vin blanc vin de Savoie Apremont  CAVE AUGUSTIN FLORENT &quot;,&quot;brand&quot;:&quot;CAVE AUGUSTIN FLOREN&quot;,&quot;slug&quot;:&quot;vin-blanc-vin-de-savoie-apremont-cave-augustin-florent&quot;,&quot;availability&quot;:{&quot;indispensable&quot;:false,&quot;purchasable&quot;:true,&quot;stopped&quot;:false,&quot;suspended&quot;:false,&quot;suspensionReason&quot;:null,&quot;checkable&quot;:false,&quot;currentStoreOffer&quot;:null},&quot;price&quot;:{&quot;price&quot;:5.7999999999999998,&quot;unitOfMeasure&quot;:&quot;Litre&quot;,&quot;perUnitLabel&quot;:&quot;7.73 \u20ac \/ Litre&quot;,&quot;taxMessage&quot;:&quot;&quot;,&quot;perUnit&quot;:7.7300000000000004},&quot;ordering&quot;:{&quot;min&quot;:1,&quot;step&quot;:1,&quot;max&quot;:36},&quot;offerServiceId&quot;:&quot;0261-150-6&quot;,&quot;uri&quot;:&quot;boissons\/cave-a-vins\/vins-blancs\/autres-regions&quot;,&quot;categories&quot;:[{&quot;id&quot;:&quot;27070&quot;,&quot;code&quot;:&quot;R10&quot;,&quot;slug&quot;:&quot;boissons&quot;,&quot;label&quot;:&quot;Boissons&quot;,&quot;uri&quot;:&quot;boissons&quot;,&quot;type&quot;:&quot;RAYON&quot;,&quot;level&quot;:1,&quot;sellerId&quot;:null},{&quot;id&quot;:&quot;27074&quot;,&quot;code&quot;:&quot;R10F02&quot;,&quot;slug&quot;:&quot;cave-a-vins&quot;,&quot;label&quot;:&quot;Cave \u00e0 vins&quot;,&quot;uri&quot;:&quot;boissons\/cave-a-vins&quot;,&quot;type&quot;:&quot;RAYON&quot;,&quot;level&quot;:2,&quot;sellerId&quot;:null},{&quot;id&quot;:&quot;27106&quot;,&quot;code&quot;:&quot;R10F02SF02&quot;,&quot;slug&quot;:&quot;vins-blancs&quot;,&quot;label&quot;:&quot;Vins blancs&quot;,&quot;uri&quot;:&quot;boissons\/cave-a-vins\/vins-blancs&quot;,&quot;type&quot;:&quot;RAYON&quot;,&quot;level&quot;:3,&quot;sellerId&quot;:null},{&quot;id&quot;:&quot;27159&quot;,&quot;code&quot;:&quot;R10F02SF02SS09&quot;,&quot;slug&quot;:&quot;autres-regions&quot;,&quot;label&quot;:&quot;Autres r\u00e9gions&quot;,&quot;uri&quot;:&quot;boissons\/cave-a-vins\/vins-blancs\/autres-regions&quot;,&quot;type&quot;:&quot;RAYON&quot;,&quot;level&quot;:4,&quot;sellerId&quot;:null}],&quot;topCategoryName&quot;:&quot;Boissons&quot;,&quot;images&quot;:[{&quot;largest&quot;:&quot;\/media\/1500x1500\/Photosite\/PGC\/BOISSONS\/3245414974548_PHOTOSITE_20180205_152506_0.jpg?placeholder=1&quot;,&quot;1500x1500&quot;:&quot;\/media\/1500x1500\/Photosite\/PGC\/BOISSONS\/3245414974548_PHOTOSITE_20180205_152506_0.jpg?placeholder=1&quot;,&quot;540x540&quot;:&quot;\/media\/540x540\/Photosite\/PGC\/BOISSONS\/3245414974548_PHOTOSITE_20180205_152506_0.jpg?placeholder=1&quot;,&quot;380x380&quot;:&quot;\/media\/380x380\/Photosite\/PGC\/BOISSONS\/3245414974548_PHOTOSITE_20180205_152506_0.jpg?placeholder=1&quot;,&quot;340x340&quot;:&quot;\/media\/340x340\/Photosite\/PGC\/BOISSONS\/3245414974548_PHOTOSITE_20180205_152506_0.jpg?placeholder=1&quot;,&quot;340x240&quot;:&quot;\/media\/340x240\/Photosite\/PGC\/BOISSONS\/3245414974548_PHOTOSITE_20180205_152506_0.jpg?placeholder=1&quot;,&quot;280x280&quot;:&quot;\/media\/280x280\/Photosite\/PGC\/BOISSONS\/3245414974548_PHOTOSITE_20180205_152506_0.jpg?placeholder=1&quot;,&quot;195x195&quot;:&quot;\/media\/195x195\/Photosite\/PGC\/BOISSONS\/3245414974548_PHOTOSITE_20180205_152506_0.jpg?placeholder=1&quot;,&quot;150x150&quot;:&quot;\/media\/150x150\/Photosite\/PGC\/BOISSONS\/3245414974548_PHOTOSITE_20180205_152506_0.jpg?placeholder=1&quot;,&quot;43x43&quot;:&quot;\/media\/43x43\/Photosite\/PGC\/BOISSONS\/3245414974548_PHOTOSITE_20180205_152506_0.jpg?placeholder=1&quot;},{&quot;largest&quot;:&quot;\/media\/1500x1500\/Photosite\/PGC\/BOISSONS\/3245414974548_PHOTOSITE_20140327_200507_7.jpg?placeholder=1&quot;,&quot;1500x1500&quot;:&quot;\/media\/1500x1500\/Photosite\/PGC\/BOISSONS\/3245414974548_PHOTOSITE_20140327_200507_7.jpg?placeholder=1&quot;,&quot;540x540&quot;:&quot;\/media\/540x540\/Photosite\/PGC\/BOISSONS\/3245414974548_PHOTOSITE_20140327_200507_7.jpg?placeholder=1&quot;,&quot;380x380&quot;:&quot;\/media\/380x380\/Photosite\/PGC\/BOISSONS\/3245414974548_PHOTOSITE_20140327_200507_7.jpg?placeholder=1&quot;,&quot;340x340&quot;:&quot;\/media\/340x340\/Photosite\/PGC\/BOISSONS\/3245414974548_PHOTOSITE_20140327_200507_7.jpg?placeholder=1&quot;,&quot;340x240&quot;:&quot;\/media\/340x240\/Photosite\/PGC\/BOISSONS\/3245414974548_PHOTOSITE_20140327_200507_7.jpg?placeholder=1&quot;,&quot;280x280&quot;:&quot;\/media\/280x280\/Photosite\/PGC\/BOISSONS\/3245414974548_PHOTOSITE_20140327_200507_7.jpg?placeholder=1&quot;,&quot;195x195&quot;:&quot;\/media\/195x195\/Photosite\/PGC\/BOISSONS\/3245414974548_PHOTOSITE_20140327_200507_7.jpg?placeholder=1&quot;,&quot;150x150&quot;:&quot;\/media\/150x150\/Photosite\/PGC\/BOISSONS\/3245414974548_PHOTOSITE_20140327_200507_7.jpg?placeholder=1&quot;,&quot;43x43&quot;:&quot;\/media\/43x43\/Photosite\/PGC\/BOISSONS\/3245414974548_PHOTOSITE_20140327_200507_7.jpg?placeholder=1&quot;}],&quot;promotion&quot;:null,&quot;isDonation&quot;:false,&quot;highlightLabel&quot;:null,&quot;seller&quot;:null,&quot;sellerId&quot;:null,&quot;marketplace&quot;:null,&quot;freshness&quot;:null,&quot;traceability&quot;:null,&quot;flags&quot;:[],&quot;clubs&quot;:[],&quot;packaging&quot;:&quot;la bouteille de 75cL&quot;,&quot;origin&quot;:&quot;&quot;,&quot;format&quot;:&quot;75cL&quot;},&quot;relationships&quot;:{&quot;substitution&quot;:null},&quot;meta&quot;:{&quot;recommendation&quot;:null,&quot;cta&quot;:&quot;buy&quot;,&quot;features&quot;:{&quot;shoppingList&quot;:true,&quot;deletable&quot;:false,&quot;swap&quot;:false,&quot;feedback&quot;:false,&quot;freshness&quot;:true}},&quot;links&quot;:{&quot;self&quot;:&quot;\/p\/vin-blanc-vin-de-savoie-apremont-cave-augustin-florent-3245414974548?t=27074&quot;}}"
  layout="vertical"
  :render-context="{&quot;zone&quot;:&quot;product-list&quot;,&quot;clickAndCollectEnable&quot;:true}"
  >
  <article class="ds-product-card ds-product-card--vertical">
  <div>
              <div class="ds-product-card--vertical-icons">
                <div
  class="add-to-shoppinglist"
  ean="3245414974548"
  is="add-to-shoppinglist"
></div>
      
        
      </div>
        <div class="ds-product-card--vertical-highlightlabel">
      
    </div>
    <div class="ds-product-card--vertical-infos">
      <div class="ds-product-card--vertical-text">
                
<a
  href="/p/vin-blanc-vin-de-savoie-apremont-cave-augustin-florent-3245414974548?t=27074"
  title="Vin blanc vin de Savoie Apremont  CAVE AUGUSTIN FLORENT "
  rel=""
  target=""
  class="product-card-title product-card-title__reduced-line-clamp"
>
  

      

<h2 class="ds-title ds-title--s ds-title--medium">
  Vin blanc vin de Savoie Apremont  CAVE AUGUSTIN FLORENT 
</h2>
</a>
      
                

    

<div class="ds-body-text ds-body-text--size-s ds-body-text--color-standard-3 product-card-packaging">
      la bouteille de 75cL
  </div>
      
                

    

<div class="ds-body-text ds-body-text--size-s ds-body-text--color-standard-3 product-card-per-unit-label">
      7.73 € / Litre
  </div>
      
      </div>
      <div class="ds-product-card--vertical-image">
                
<a
  href="/p/vin-blanc-vin-de-savoie-apremont-cave-augustin-florent-3245414974548?t=27074"
  title="Vin blanc vin de Savoie Apremont  CAVE AUGUSTIN FLORENT "
  rel=""
  target=""
  class="product-card-image"
>
  <img
      src="/images/loader-dots.svg"        data-src="/media/280x280/Photosite/PGC/BOISSONS/3245414974548_PHOTOSITE_20180205_152506_0.jpg?placeholder=1"        alt="Vin blanc vin de Savoie Apremont  CAVE AUGUSTIN FLORENT "
  class="image image--hidden image--lazy product-card-image__image"
/>
</a>
      
      </div>
    </div>
        
    
  </div>
  <div>
    <div class="ds-product-card--vertical-promotion">
      
    </div>
    <div class="ds-product-card--vertical-flex">
              
    

    


<div class="product-card-price">
  <div class="product-card-price__price">
    

    

<span class="ds-title ds-title--m product-card-price__price--final">
  5,80€
</span>

      </div>
</div>
      
      <div class="ds-product-card--vertical-cta">
                  
<form
  is="add-to-cart"
  id="data-produit-acheter"
  class="add-to-cart"
  :product="{&quot;type&quot;:&quot;product&quot;,&quot;id&quot;:&quot;product-3245414974548&quot;,&quot;attributes&quot;:{&quot;ean&quot;:&quot;3245414974548&quot;,&quot;cdbase&quot;:&quot;3880918&quot;,&quot;title&quot;:&quot;Vin blanc vin de Savoie Apremont  CAVE AUGUSTIN FLORENT &quot;,&quot;brand&quot;:&quot;CAVE AUGUSTIN FLOREN&quot;,&quot;slug&quot;:&quot;vin-blanc-vin-de-savoie-apremont-cave-augustin-florent&quot;,&quot;availability&quot;:{&quot;indispensable&quot;:false,&quot;purchasable&quot;:true,&quot;stopped&quot;:false,&quot;suspended&quot;:false,&quot;suspensionReason&quot;:null,&quot;checkable&quot;:false,&quot;currentStoreOffer&quot;:null},&quot;price&quot;:{&quot;price&quot;:5.7999999999999998,&quot;unitOfMeasure&quot;:&quot;Litre&quot;,&quot;perUnitLabel&quot;:&quot;7.73 \u20ac \/ Litre&quot;,&quot;taxMessage&quot;:&quot;&quot;,&quot;perUnit&quot;:7.7300000000000004},&quot;ordering&quot;:{&quot;min&quot;:1,&quot;step&quot;:1,&quot;max&quot;:36},&quot;offerServiceId&quot;:&quot;0261-150-6&quot;,&quot;uri&quot;:&quot;boissons\/cave-a-vins\/vins-blancs\/autres-regions&quot;,&quot;categories&quot;:[{&quot;id&quot;:&quot;27070&quot;,&quot;code&quot;:&quot;R10&quot;,&quot;slug&quot;:&quot;boissons&quot;,&quot;label&quot;:&quot;Boissons&quot;,&quot;uri&quot;:&quot;boissons&quot;,&quot;type&quot;:&quot;RAYON&quot;,&quot;level&quot;:1,&quot;sellerId&quot;:null},{&quot;id&quot;:&quot;27074&quot;,&quot;code&quot;:&quot;R10F02&quot;,&quot;slug&quot;:&quot;cave-a-vins&quot;,&quot;label&quot;:&quot;Cave \u00e0 vins&quot;,&quot;uri&quot;:&quot;boissons\/cave-a-vins&quot;,&quot;type&quot;:&quot;RAYON&quot;,&quot;level&quot;:2,&quot;sellerId&quot;:null},{&quot;id&quot;:&quot;27106&quot;,&quot;code&quot;:&quot;R10F02SF02&quot;,&quot;slug&quot;:&quot;vins-blancs&quot;,&quot;label&quot;:&quot;Vins blancs&quot;,&quot;uri&quot;:&quot;boissons\/cave-a-vins\/vins-blancs&quot;,&quot;type&quot;:&quot;RAYON&quot;,&quot;level&quot;:3,&quot;sellerId&quot;:null},{&quot;id&quot;:&quot;27159&quot;,&quot;code&quot;:&quot;R10F02SF02SS09&quot;,&quot;slug&quot;:&quot;autres-regions&quot;,&quot;label&quot;:&quot;Autres r\u00e9gions&quot;,&quot;uri&quot;:&quot;boissons\/cave-a-vins\/vins-blancs\/autres-regions&quot;,&quot;type&quot;:&quot;RAYON&quot;,&quot;level&quot;:4,&quot;sellerId&quot;:null}],&quot;topCategoryName&quot;:&quot;Boissons&quot;,&quot;images&quot;:[{&quot;largest&quot;:&quot;\/media\/1500x1500\/Photosite\/PGC\/BOISSONS\/3245414974548_PHOTOSITE_20180205_152506_0.jpg?placeholder=1&quot;,&quot;1500x1500&quot;:&quot;\/media\/1500x1500\/Photosite\/PGC\/BOISSONS\/3245414974548_PHOTOSITE_20180205_152506_0.jpg?placeholder=1&quot;,&quot;540x540&quot;:&quot;\/media\/540x540\/Photosite\/PGC\/BOISSONS\/3245414974548_PHOTOSITE_20180205_152506_0.jpg?placeholder=1&quot;,&quot;380x380&quot;:&quot;\/media\/380x380\/Photosite\/PGC\/BOISSONS\/3245414974548_PHOTOSITE_20180205_152506_0.jpg?placeholder=1&quot;,&quot;340x340&quot;:&quot;\/media\/340x340\/Photosite\/PGC\/BOISSONS\/3245414974548_PHOTOSITE_20180205_152506_0.jpg?placeholder=1&quot;,&quot;340x240&quot;:&quot;\/media\/340x240\/Photosite\/PGC\/BOISSONS\/3245414974548_PHOTOSITE_20180205_152506_0.jpg?placeholder=1&quot;,&quot;280x280&quot;:&quot;\/media\/280x280\/Photosite\/PGC\/BOISSONS\/3245414974548_PHOTOSITE_20180205_152506_0.jpg?placeholder=1&quot;,&quot;195x195&quot;:&quot;\/media\/195x195\/Photosite\/PGC\/BOISSONS\/3245414974548_PHOTOSITE_20180205_152506_0.jpg?placeholder=1&quot;,&quot;150x150&quot;:&quot;\/media\/150x150\/Photosite\/PGC\/BOISSONS\/3245414974548_PHOTOSITE_20180205_152506_0.jpg?placeholder=1&quot;,&quot;43x43&quot;:&quot;\/media\/43x43\/Photosite\/PGC\/BOISSONS\/3245414974548_PHOTOSITE_20180205_152506_0.jpg?placeholder=1&quot;},{&quot;largest&quot;:&quot;\/media\/1500x1500\/Photosite\/PGC\/BOISSONS\/3245414974548_PHOTOSITE_20140327_200507_7.jpg?placeholder=1&quot;,&quot;1500x1500&quot;:&quot;\/media\/1500x1500\/Photosite\/PGC\/BOISSONS\/3245414974548_PHOTOSITE_20140327_200507_7.jpg?placeholder=1&quot;,&quot;540x540&quot;:&quot;\/media\/540x540\/Photosite\/PGC\/BOISSONS\/3245414974548_PHOTOSITE_20140327_200507_7.jpg?placeholder=1&quot;,&quot;380x380&quot;:&quot;\/media\/380x380\/Photosite\/PGC\/BOISSONS\/3245414974548_PHOTOSITE_20140327_200507_7.jpg?placeholder=1&quot;,&quot;340x340&quot;:&quot;\/media\/340x340\/Photosite\/PGC\/BOISSONS\/3245414974548_PHOTOSITE_20140327_200507_7.jpg?placeholder=1&quot;,&quot;340x240&quot;:&quot;\/media\/340x240\/Photosite\/PGC\/BOISSONS\/3245414974548_PHOTOSITE_20140327_200507_7.jpg?placeholder=1&quot;,&quot;280x280&quot;:&quot;\/media\/280x280\/Photosite\/PGC\/BOISSONS\/3245414974548_PHOTOSITE_20140327_200507_7.jpg?placeholder=1&quot;,&quot;195x195&quot;:&quot;\/media\/195x195\/Photosite\/PGC\/BOISSONS\/3245414974548_PHOTOSITE_20140327_200507_7.jpg?placeholder=1&quot;,&quot;150x150&quot;:&quot;\/media\/150x150\/Photosite\/PGC\/BOISSONS\/3245414974548_PHOTOSITE_20140327_200507_7.jpg?placeholder=1&quot;,&quot;43x43&quot;:&quot;\/media\/43x43\/Photosite\/PGC\/BOISSONS\/3245414974548_PHOTOSITE_20140327_200507_7.jpg?placeholder=1&quot;}],&quot;promotion&quot;:null,&quot;isDonation&quot;:false,&quot;highlightLabel&quot;:null,&quot;seller&quot;:null,&quot;sellerId&quot;:null,&quot;marketplace&quot;:null,&quot;freshness&quot;:null,&quot;traceability&quot;:null,&quot;flags&quot;:[],&quot;clubs&quot;:[],&quot;packaging&quot;:&quot;la bouteille de 75cL&quot;,&quot;origin&quot;:&quot;&quot;,&quot;format&quot;:&quot;75cL&quot;},&quot;relationships&quot;:{&quot;substitution&quot;:null},&quot;meta&quot;:{&quot;recommendation&quot;:null,&quot;cta&quot;:&quot;buy&quot;,&quot;features&quot;:{&quot;shoppingList&quot;:true,&quot;deletable&quot;:false,&quot;swap&quot;:false,&quot;feedback&quot;:false,&quot;freshness&quot;:true}},&quot;links&quot;:{&quot;self&quot;:&quot;\/p\/vin-blanc-vin-de-savoie-apremont-cave-augustin-florent-3245414974548?t=27074&quot;}}"
  is-click-and-collect=""
  offer-service-id="0261-150-6"
  basket-service-id=""
  :render-context="{&quot;zone&quot;:&quot;product-list&quot;,&quot;clickAndCollectEnable&quot;:true}" >
  

<button
  class="pl-button pl-button--primary"
        
>
      <span class="pl-button__label">
                    </span>
  </button>
</form>

      
      </div>
    </div>
      </div>
</article>
</div>

                    </li>
            
                <li class="product-grid-item " >
    
                        


<div
  is="ds-product-card"
  class="ds-product-card__twigwrap"
  :index="59"
  :product="{&quot;type&quot;:&quot;product&quot;,&quot;id&quot;:&quot;product-3245414902442&quot;,&quot;attributes&quot;:{&quot;ean&quot;:&quot;3245414902442&quot;,&quot;cdbase&quot;:&quot;3817633&quot;,&quot;title&quot;:&quot;Vin rouge Buzet 2017 CARREFOUR&quot;,&quot;brand&quot;:&quot;CAVE AUGUSTIN FLOREN&quot;,&quot;slug&quot;:&quot;vin-rouge-buzet-2017-carrefour&quot;,&quot;availability&quot;:{&quot;indispensable&quot;:false,&quot;purchasable&quot;:true,&quot;stopped&quot;:false,&quot;suspended&quot;:false,&quot;suspensionReason&quot;:null,&quot;checkable&quot;:false,&quot;currentStoreOffer&quot;:null},&quot;price&quot;:{&quot;price&quot;:4.0999999999999996,&quot;unitOfMeasure&quot;:&quot;Litre&quot;,&quot;perUnitLabel&quot;:&quot;5.47 \u20ac \/ Litre&quot;,&quot;taxMessage&quot;:&quot;&quot;,&quot;perUnit&quot;:5.4699999999999998},&quot;ordering&quot;:{&quot;min&quot;:1,&quot;step&quot;:1,&quot;max&quot;:36},&quot;offerServiceId&quot;:&quot;0261-150-6&quot;,&quot;uri&quot;:&quot;boissons\/cave-a-vins\/vins-rouges\/sud-ouest&quot;,&quot;categories&quot;:[{&quot;id&quot;:&quot;27070&quot;,&quot;code&quot;:&quot;R10&quot;,&quot;slug&quot;:&quot;boissons&quot;,&quot;label&quot;:&quot;Boissons&quot;,&quot;uri&quot;:&quot;boissons&quot;,&quot;type&quot;:&quot;RAYON&quot;,&quot;level&quot;:1,&quot;sellerId&quot;:null},{&quot;id&quot;:&quot;27074&quot;,&quot;code&quot;:&quot;R10F02&quot;,&quot;slug&quot;:&quot;cave-a-vins&quot;,&quot;label&quot;:&quot;Cave \u00e0 vins&quot;,&quot;uri&quot;:&quot;boissons\/cave-a-vins&quot;,&quot;type&quot;:&quot;RAYON&quot;,&quot;level&quot;:2,&quot;sellerId&quot;:null},{&quot;id&quot;:&quot;27105&quot;,&quot;code&quot;:&quot;R10F02SF01&quot;,&quot;slug&quot;:&quot;vins-rouges&quot;,&quot;label&quot;:&quot;Vins rouges&quot;,&quot;uri&quot;:&quot;boissons\/cave-a-vins\/vins-rouges&quot;,&quot;type&quot;:&quot;RAYON&quot;,&quot;level&quot;:3,&quot;sellerId&quot;:null},{&quot;id&quot;:&quot;27145&quot;,&quot;code&quot;:&quot;R10F02SF01SS05&quot;,&quot;slug&quot;:&quot;sud-ouest&quot;,&quot;label&quot;:&quot;Sud-Ouest&quot;,&quot;uri&quot;:&quot;boissons\/cave-a-vins\/vins-rouges\/sud-ouest&quot;,&quot;type&quot;:&quot;RAYON&quot;,&quot;level&quot;:4,&quot;sellerId&quot;:null}],&quot;topCategoryName&quot;:&quot;Boissons&quot;,&quot;images&quot;:[{&quot;largest&quot;:&quot;\/media\/1500x1500\/Photosite\/PGC\/BOISSONS\/3245414902442_PHOTOSITE_20171114_142620_0.jpg?placeholder=1&quot;,&quot;1500x1500&quot;:&quot;\/media\/1500x1500\/Photosite\/PGC\/BOISSONS\/3245414902442_PHOTOSITE_20171114_142620_0.jpg?placeholder=1&quot;,&quot;540x540&quot;:&quot;\/media\/540x540\/Photosite\/PGC\/BOISSONS\/3245414902442_PHOTOSITE_20171114_142620_0.jpg?placeholder=1&quot;,&quot;380x380&quot;:&quot;\/media\/380x380\/Photosite\/PGC\/BOISSONS\/3245414902442_PHOTOSITE_20171114_142620_0.jpg?placeholder=1&quot;,&quot;340x340&quot;:&quot;\/media\/340x340\/Photosite\/PGC\/BOISSONS\/3245414902442_PHOTOSITE_20171114_142620_0.jpg?placeholder=1&quot;,&quot;340x240&quot;:&quot;\/media\/340x240\/Photosite\/PGC\/BOISSONS\/3245414902442_PHOTOSITE_20171114_142620_0.jpg?placeholder=1&quot;,&quot;280x280&quot;:&quot;\/media\/280x280\/Photosite\/PGC\/BOISSONS\/3245414902442_PHOTOSITE_20171114_142620_0.jpg?placeholder=1&quot;,&quot;195x195&quot;:&quot;\/media\/195x195\/Photosite\/PGC\/BOISSONS\/3245414902442_PHOTOSITE_20171114_142620_0.jpg?placeholder=1&quot;,&quot;150x150&quot;:&quot;\/media\/150x150\/Photosite\/PGC\/BOISSONS\/3245414902442_PHOTOSITE_20171114_142620_0.jpg?placeholder=1&quot;,&quot;43x43&quot;:&quot;\/media\/43x43\/Photosite\/PGC\/BOISSONS\/3245414902442_PHOTOSITE_20171114_142620_0.jpg?placeholder=1&quot;},{&quot;largest&quot;:&quot;\/media\/1500x1500\/Photosite\/PGC\/BOISSONS\/3245414902442_PHOTOSITE_20140327_183417_7.jpg?placeholder=1&quot;,&quot;1500x1500&quot;:&quot;\/media\/1500x1500\/Photosite\/PGC\/BOISSONS\/3245414902442_PHOTOSITE_20140327_183417_7.jpg?placeholder=1&quot;,&quot;540x540&quot;:&quot;\/media\/540x540\/Photosite\/PGC\/BOISSONS\/3245414902442_PHOTOSITE_20140327_183417_7.jpg?placeholder=1&quot;,&quot;380x380&quot;:&quot;\/media\/380x380\/Photosite\/PGC\/BOISSONS\/3245414902442_PHOTOSITE_20140327_183417_7.jpg?placeholder=1&quot;,&quot;340x340&quot;:&quot;\/media\/340x340\/Photosite\/PGC\/BOISSONS\/3245414902442_PHOTOSITE_20140327_183417_7.jpg?placeholder=1&quot;,&quot;340x240&quot;:&quot;\/media\/340x240\/Photosite\/PGC\/BOISSONS\/3245414902442_PHOTOSITE_20140327_183417_7.jpg?placeholder=1&quot;,&quot;280x280&quot;:&quot;\/media\/280x280\/Photosite\/PGC\/BOISSONS\/3245414902442_PHOTOSITE_20140327_183417_7.jpg?placeholder=1&quot;,&quot;195x195&quot;:&quot;\/media\/195x195\/Photosite\/PGC\/BOISSONS\/3245414902442_PHOTOSITE_20140327_183417_7.jpg?placeholder=1&quot;,&quot;150x150&quot;:&quot;\/media\/150x150\/Photosite\/PGC\/BOISSONS\/3245414902442_PHOTOSITE_20140327_183417_7.jpg?placeholder=1&quot;,&quot;43x43&quot;:&quot;\/media\/43x43\/Photosite\/PGC\/BOISSONS\/3245414902442_PHOTOSITE_20140327_183417_7.jpg?placeholder=1&quot;}],&quot;promotion&quot;:null,&quot;isDonation&quot;:false,&quot;highlightLabel&quot;:null,&quot;seller&quot;:null,&quot;sellerId&quot;:null,&quot;marketplace&quot;:null,&quot;freshness&quot;:null,&quot;traceability&quot;:null,&quot;flags&quot;:[],&quot;clubs&quot;:[],&quot;packaging&quot;:&quot;la bouteille de 75cL&quot;,&quot;origin&quot;:&quot;&quot;,&quot;format&quot;:&quot;75cL&quot;},&quot;relationships&quot;:{&quot;substitution&quot;:null},&quot;meta&quot;:{&quot;recommendation&quot;:null,&quot;cta&quot;:&quot;buy&quot;,&quot;features&quot;:{&quot;shoppingList&quot;:true,&quot;deletable&quot;:false,&quot;swap&quot;:false,&quot;feedback&quot;:false,&quot;freshness&quot;:true}},&quot;links&quot;:{&quot;self&quot;:&quot;\/p\/vin-rouge-buzet-2017-carrefour-3245414902442?t=27074&quot;}}"
  layout="vertical"
  :render-context="{&quot;zone&quot;:&quot;product-list&quot;,&quot;clickAndCollectEnable&quot;:true}"
  >
  <article class="ds-product-card ds-product-card--vertical">
  <div>
              <div class="ds-product-card--vertical-icons">
                <div
  class="add-to-shoppinglist"
  ean="3245414902442"
  is="add-to-shoppinglist"
></div>
      
        
      </div>
        <div class="ds-product-card--vertical-highlightlabel">
      
    </div>
    <div class="ds-product-card--vertical-infos">
      <div class="ds-product-card--vertical-text">
                
<a
  href="/p/vin-rouge-buzet-2017-carrefour-3245414902442?t=27074"
  title="Vin rouge Buzet 2017 CARREFOUR"
  rel=""
  target=""
  class="product-card-title product-card-title__reduced-line-clamp"
>
  

      

<h2 class="ds-title ds-title--s ds-title--medium">
  Vin rouge Buzet 2017 CARREFOUR
</h2>
</a>
      
                

    

<div class="ds-body-text ds-body-text--size-s ds-body-text--color-standard-3 product-card-packaging">
      la bouteille de 75cL
  </div>
      
                

    

<div class="ds-body-text ds-body-text--size-s ds-body-text--color-standard-3 product-card-per-unit-label">
      5.47 € / Litre
  </div>
      
      </div>
      <div class="ds-product-card--vertical-image">
                
<a
  href="/p/vin-rouge-buzet-2017-carrefour-3245414902442?t=27074"
  title="Vin rouge Buzet 2017 CARREFOUR"
  rel=""
  target=""
  class="product-card-image"
>
  <img
      src="/images/loader-dots.svg"        data-src="/media/280x280/Photosite/PGC/BOISSONS/3245414902442_PHOTOSITE_20171114_142620_0.jpg?placeholder=1"        alt="Vin rouge Buzet 2017 CARREFOUR"
  class="image image--hidden image--lazy product-card-image__image"
/>
</a>
      
      </div>
    </div>
        
    
  </div>
  <div>
    <div class="ds-product-card--vertical-promotion">
      
    </div>
    <div class="ds-product-card--vertical-flex">
              
    

    


<div class="product-card-price">
  <div class="product-card-price__price">
    

    

<span class="ds-title ds-title--m product-card-price__price--final">
  4,10€
</span>

      </div>
</div>
      
      <div class="ds-product-card--vertical-cta">
                  
<form
  is="add-to-cart"
  id="data-produit-acheter"
  class="add-to-cart"
  :product="{&quot;type&quot;:&quot;product&quot;,&quot;id&quot;:&quot;product-3245414902442&quot;,&quot;attributes&quot;:{&quot;ean&quot;:&quot;3245414902442&quot;,&quot;cdbase&quot;:&quot;3817633&quot;,&quot;title&quot;:&quot;Vin rouge Buzet 2017 CARREFOUR&quot;,&quot;brand&quot;:&quot;CAVE AUGUSTIN FLOREN&quot;,&quot;slug&quot;:&quot;vin-rouge-buzet-2017-carrefour&quot;,&quot;availability&quot;:{&quot;indispensable&quot;:false,&quot;purchasable&quot;:true,&quot;stopped&quot;:false,&quot;suspended&quot;:false,&quot;suspensionReason&quot;:null,&quot;checkable&quot;:false,&quot;currentStoreOffer&quot;:null},&quot;price&quot;:{&quot;price&quot;:4.0999999999999996,&quot;unitOfMeasure&quot;:&quot;Litre&quot;,&quot;perUnitLabel&quot;:&quot;5.47 \u20ac \/ Litre&quot;,&quot;taxMessage&quot;:&quot;&quot;,&quot;perUnit&quot;:5.4699999999999998},&quot;ordering&quot;:{&quot;min&quot;:1,&quot;step&quot;:1,&quot;max&quot;:36},&quot;offerServiceId&quot;:&quot;0261-150-6&quot;,&quot;uri&quot;:&quot;boissons\/cave-a-vins\/vins-rouges\/sud-ouest&quot;,&quot;categories&quot;:[{&quot;id&quot;:&quot;27070&quot;,&quot;code&quot;:&quot;R10&quot;,&quot;slug&quot;:&quot;boissons&quot;,&quot;label&quot;:&quot;Boissons&quot;,&quot;uri&quot;:&quot;boissons&quot;,&quot;type&quot;:&quot;RAYON&quot;,&quot;level&quot;:1,&quot;sellerId&quot;:null},{&quot;id&quot;:&quot;27074&quot;,&quot;code&quot;:&quot;R10F02&quot;,&quot;slug&quot;:&quot;cave-a-vins&quot;,&quot;label&quot;:&quot;Cave \u00e0 vins&quot;,&quot;uri&quot;:&quot;boissons\/cave-a-vins&quot;,&quot;type&quot;:&quot;RAYON&quot;,&quot;level&quot;:2,&quot;sellerId&quot;:null},{&quot;id&quot;:&quot;27105&quot;,&quot;code&quot;:&quot;R10F02SF01&quot;,&quot;slug&quot;:&quot;vins-rouges&quot;,&quot;label&quot;:&quot;Vins rouges&quot;,&quot;uri&quot;:&quot;boissons\/cave-a-vins\/vins-rouges&quot;,&quot;type&quot;:&quot;RAYON&quot;,&quot;level&quot;:3,&quot;sellerId&quot;:null},{&quot;id&quot;:&quot;27145&quot;,&quot;code&quot;:&quot;R10F02SF01SS05&quot;,&quot;slug&quot;:&quot;sud-ouest&quot;,&quot;label&quot;:&quot;Sud-Ouest&quot;,&quot;uri&quot;:&quot;boissons\/cave-a-vins\/vins-rouges\/sud-ouest&quot;,&quot;type&quot;:&quot;RAYON&quot;,&quot;level&quot;:4,&quot;sellerId&quot;:null}],&quot;topCategoryName&quot;:&quot;Boissons&quot;,&quot;images&quot;:[{&quot;largest&quot;:&quot;\/media\/1500x1500\/Photosite\/PGC\/BOISSONS\/3245414902442_PHOTOSITE_20171114_142620_0.jpg?placeholder=1&quot;,&quot;1500x1500&quot;:&quot;\/media\/1500x1500\/Photosite\/PGC\/BOISSONS\/3245414902442_PHOTOSITE_20171114_142620_0.jpg?placeholder=1&quot;,&quot;540x540&quot;:&quot;\/media\/540x540\/Photosite\/PGC\/BOISSONS\/3245414902442_PHOTOSITE_20171114_142620_0.jpg?placeholder=1&quot;,&quot;380x380&quot;:&quot;\/media\/380x380\/Photosite\/PGC\/BOISSONS\/3245414902442_PHOTOSITE_20171114_142620_0.jpg?placeholder=1&quot;,&quot;340x340&quot;:&quot;\/media\/340x340\/Photosite\/PGC\/BOISSONS\/3245414902442_PHOTOSITE_20171114_142620_0.jpg?placeholder=1&quot;,&quot;340x240&quot;:&quot;\/media\/340x240\/Photosite\/PGC\/BOISSONS\/3245414902442_PHOTOSITE_20171114_142620_0.jpg?placeholder=1&quot;,&quot;280x280&quot;:&quot;\/media\/280x280\/Photosite\/PGC\/BOISSONS\/3245414902442_PHOTOSITE_20171114_142620_0.jpg?placeholder=1&quot;,&quot;195x195&quot;:&quot;\/media\/195x195\/Photosite\/PGC\/BOISSONS\/3245414902442_PHOTOSITE_20171114_142620_0.jpg?placeholder=1&quot;,&quot;150x150&quot;:&quot;\/media\/150x150\/Photosite\/PGC\/BOISSONS\/3245414902442_PHOTOSITE_20171114_142620_0.jpg?placeholder=1&quot;,&quot;43x43&quot;:&quot;\/media\/43x43\/Photosite\/PGC\/BOISSONS\/3245414902442_PHOTOSITE_20171114_142620_0.jpg?placeholder=1&quot;},{&quot;largest&quot;:&quot;\/media\/1500x1500\/Photosite\/PGC\/BOISSONS\/3245414902442_PHOTOSITE_20140327_183417_7.jpg?placeholder=1&quot;,&quot;1500x1500&quot;:&quot;\/media\/1500x1500\/Photosite\/PGC\/BOISSONS\/3245414902442_PHOTOSITE_20140327_183417_7.jpg?placeholder=1&quot;,&quot;540x540&quot;:&quot;\/media\/540x540\/Photosite\/PGC\/BOISSONS\/3245414902442_PHOTOSITE_20140327_183417_7.jpg?placeholder=1&quot;,&quot;380x380&quot;:&quot;\/media\/380x380\/Photosite\/PGC\/BOISSONS\/3245414902442_PHOTOSITE_20140327_183417_7.jpg?placeholder=1&quot;,&quot;340x340&quot;:&quot;\/media\/340x340\/Photosite\/PGC\/BOISSONS\/3245414902442_PHOTOSITE_20140327_183417_7.jpg?placeholder=1&quot;,&quot;340x240&quot;:&quot;\/media\/340x240\/Photosite\/PGC\/BOISSONS\/3245414902442_PHOTOSITE_20140327_183417_7.jpg?placeholder=1&quot;,&quot;280x280&quot;:&quot;\/media\/280x280\/Photosite\/PGC\/BOISSONS\/3245414902442_PHOTOSITE_20140327_183417_7.jpg?placeholder=1&quot;,&quot;195x195&quot;:&quot;\/media\/195x195\/Photosite\/PGC\/BOISSONS\/3245414902442_PHOTOSITE_20140327_183417_7.jpg?placeholder=1&quot;,&quot;150x150&quot;:&quot;\/media\/150x150\/Photosite\/PGC\/BOISSONS\/3245414902442_PHOTOSITE_20140327_183417_7.jpg?placeholder=1&quot;,&quot;43x43&quot;:&quot;\/media\/43x43\/Photosite\/PGC\/BOISSONS\/3245414902442_PHOTOSITE_20140327_183417_7.jpg?placeholder=1&quot;}],&quot;promotion&quot;:null,&quot;isDonation&quot;:false,&quot;highlightLabel&quot;:null,&quot;seller&quot;:null,&quot;sellerId&quot;:null,&quot;marketplace&quot;:null,&quot;freshness&quot;:null,&quot;traceability&quot;:null,&quot;flags&quot;:[],&quot;clubs&quot;:[],&quot;packaging&quot;:&quot;la bouteille de 75cL&quot;,&quot;origin&quot;:&quot;&quot;,&quot;format&quot;:&quot;75cL&quot;},&quot;relationships&quot;:{&quot;substitution&quot;:null},&quot;meta&quot;:{&quot;recommendation&quot;:null,&quot;cta&quot;:&quot;buy&quot;,&quot;features&quot;:{&quot;shoppingList&quot;:true,&quot;deletable&quot;:false,&quot;swap&quot;:false,&quot;feedback&quot;:false,&quot;freshness&quot;:true}},&quot;links&quot;:{&quot;self&quot;:&quot;\/p\/vin-rouge-buzet-2017-carrefour-3245414902442?t=27074&quot;}}"
  is-click-and-collect=""
  offer-service-id="0261-150-6"
  basket-service-id=""
  :render-context="{&quot;zone&quot;:&quot;product-list&quot;,&quot;clickAndCollectEnable&quot;:true}" >
  

<button
  class="pl-button pl-button--primary"
        
>
      <span class="pl-button__label">
                    </span>
  </button>
</form>

      
      </div>
    </div>
      </div>
</article>
</div>

                    </li>
            
            <!--  PromoBanner -->
            
            <li class="product-grid-item fullwidth" >
                      
<div
  is="AdTag"
  id="gam_banner-plp"
  class="product-list__google-banner1"
>
  <div class="ad-tag__inner"></div>
</div>
                </li>
        </ul>

          <div class="pagination" is="pagination">
      <footer id="data-voir-plus" class="pagination__bottom">
      <p class="pagination__txt">
        Vous consultez 1 des 78 produits
      </p>
      <div class="pagination__bar-bg">
                <div class="pagination__bar" style="width: 1.2820512820513%"></div>
      </div>
            <div class="pagination__button-wrap">
        <a class="a-button button-link is-secondary"
   href="/r/boissons/cave-a-vins?noRedirect=0&amp;page=2"
      >
   Produits suivants
</a>
      </div>
          </footer>
  </div>
    </div>

    </section>
    <aside class="side-template__flapnav">
              <label class="side-template__flapnav-close" for="flapnav-checkbox">Annuler</label>
          </aside>
  </div>

  <aside class="svg-icons-sprite">
    <svg aria-hidden="true" version="1.1" xmlns="http://www.w3.org/2000/svg" xmlns:xlink="http://www.w3.org/1999/xlink">
        <defs>
            <symbol id="icon-cart" viewBox="0 0 24 24" aria-hidden="true">
  <path d="M22.9,5.6c-0.2-0.2-0.5-0.4-0.8-0.4H7.2c-0.1,0-0.2,0-0.2,0l-0.6-2C6.3,3,6.1,2.7,5.8,2.6L1.7,1.1C1.2,0.9,0.6,1.1,0.4,1.7
    C0.2,2.2,0.5,2.8,1,2.9l3.6,1.4l3.3,11.3c0.1,0.4,0.5,0.7,1,0.7H20c0.5,0,0.9-0.3,1-0.8l2.1-9.1C23.1,6.2,23,5.9,22.9,5.6z
     M16.5,7.2l-1.3,7.1h-1.5l-1.2-7.1H16.5z M7.5,7.2H11l1.2,7.1H9.6L7.5,7.2z M19.2,14.3h-2.4L18,7.2h2.8L19.2,14.3z"/>
  <g>
    <circle cx="10.9" cy="20.4" r="2"/>
  </g>
  <g>
    <circle cx="18.1" cy="20.4" r="2"/>
  </g>
</symbol>
            <symbol id="icon-plus" viewBox="0 0 24 24" aria-hidden="true">
<path d="M18.7,10.7h-5.3V5.4c0-0.6-0.5-1.1-1.1-1.1s-1.1,0.5-1.1,1.1v5.3H5.8c-0.6,0-1.1,0.5-1.1,1.1S5.1,13,5.8,13h5.3v5.3
	c0,0.6,0.5,1.1,1.1,1.1s1.1-0.5,1.1-1.1V13h5.3c0.6,0,1.1-0.5,1.1-1.1S19.3,10.7,18.7,10.7z"/>
</symbol>
            <symbol id="icon-minus" viewBox="0 0 24 24" aria-hidden="true">
  <path d="M16.7,10.7h-9c-0.6,0-1.1,0.5-1.1,1.1S7.1,13,7.8,13h9c0.6,0,1.1-0.5,1.1-1.1S17.3,10.7,16.7,10.7z"/>
</symbol>
            <symbol id="icon-sad" viewBox="0 0 24 24" aria-hidden="true">
  <path d="M12,2c5.5,0,10,4.5,10,10c0,5.5-4.5,10-10,10S2,17.5,2,12C2,6.5,6.4,
  2,12,2 M12,0C5.3,0,0,5.4,0,12c0,6.6,5.4,12,12,12
    s12-5.4,12-12C24,5.4,18.6,0,12,0L12,0z"/>
  <g>
    <path d="M17.6,16.8c-0.2,0-0.4-0.1-0.5-0.2c-1.3-1.3-3-2-4.8-2s-3.5,0.7-4.8,2c-0.3,0.3-0.8,0.3-1.1,0s-0.3-0.8,0-1.1
      C8,14,10,13.1,12.3,13.1c2.2,0,4.3,0.9,5.9,2.4c0.3,0.3,0.3,0.8,0,1.1C18,16.8,17.8,16.8,17.6,16.8z"/>
  </g>
  <circle cx="8.4" cy="9.7" r="1.3"/>
  <circle cx="15.5" cy="9.7" r="1.3"/>
</symbol>
            <symbol id="icon-left" viewBox="0 0 24 24" aria-hidden="true">
  <g class="icon-left" transform="rotate(-180 12,11.999999046325684)">
    <path d="m16.099832,3.936998c-0.32213,-0.333393 -0.858261,
    -0.333393 -1.191654,0c-0.32213,0.32213 -0.32213,0.858261 0,1.17964l6.04237,6.04237l-19.938996,
    0c-0.464798,0.000751 -0.834233,0.370186 -0.834233,0.834984c0,0.464798 0.369435,0.846247 0.834233,
    0.846247l19.938996,0l-6.04237,6.031107c-0.32213,0.333393 -0.32213,0.870276 0,1.191654c0.333393,
    0.333393 0.870276,0.333393 1.191654,0l7.472806,-7.472806c0.333393,-0.32213 0.333393,-0.858261 0,
    -1.17964l-7.472806,-7.473557z"/>
  </g>
</symbol>
            <symbol id="icon-right" viewBox="0 0 24 24" aria-hidden="true">
  <g class="icon-right">
    <path d="m16.099832,3.936998c-0.32213,-0.333393 -0.858261,-0.333393 -1.191654,0c-0.32213,0.32213 -0.32213,
    0.858261 0,1.17964l6.04237,6.04237l-19.938996,0c-0.464798,0.000751 -0.834233,0.370186 -0.834233,0.834984c0,
    0.464798 0.369435,0.846247 0.834233,0.846247l19.938996,0l-6.04237,6.031107c-0.32213,0.333393 -0.32213,
    0.870276 0,1.191654c0.333393,0.333393 0.870276,0.333393 1.191654,0l7.472806,-7.472806c0.333393,-0.32213 0.333393,
    -0.858261 0,-1.17964l-7.472806,-7.473557z"/>
  </g>
</symbol>
            <symbol id="icon-shopping-list" viewBox="0 0 24 24" aria-hidden="true">
  <g id="Page-1" class="icon-shopping-list-graphic">
    <path d="M15.94,9S16,9,16,9V1a1,1,0,0,0-1-1H2A1,1,0,0,0,1,1v15.1a1,1,0,0,0,1,1H7.49a7.49,7.49,0,1,0,8.45-8Zm-13,6V2H14V9S14,9,14,9a7.53,7.53,0,0,0-4.51,2.36H7.77a.75.75,0,0,0,0,1.5h.6a7.4,7.4,0,0,0-.78,2.17ZM15,22a5.5,5.5,0,1,1,5.5-5.5A5.51,5.51,0,0,1,15,22Z"/>
    <path d="M7.77,5.62h4a.75.75,0,0,0,0-1.5h-4a.75.75,0,0,0,0,1.5Z"/>
    <path d="M7.77,9.26h4a.75.75,0,0,0,0-1.5h-4a.75.75,0,0,0,0,1.5Z"/>
    <path d="M17.55,15.71H15.7V14a.75.75,0,0,0-1.5,0v1.75H12.45a.75.75,0,0,0,0,1.5H14.2v1.85a.75.75,0,0,0,1.5,0V17.21h1.85a.75.75,0,1,0,0-1.5Z"/>
    <path d="M4.6,11.6a.78.78,0,1,0,1.1,0A.78.78,0,0,0,4.6,11.6Z"/>
    <path d="M4.6,8A.78.78,0,1,0,5.7,9.1.9.9,0,0,0,5.7,8,.78.78,0,0,0,4.6,8Z"/>
    <path d="M4.6,4.3a.78.78,0,1,0,1.1,0A.78.78,0,0,0,4.6,4.3Z"/>
  </g>
</symbol>
            <symbol id="icon-cross" viewBox="0 0 24 24" aria-hidden="true">
    <path class="icon-cross" d="M18.9,5.3c-0.4-0.4-1.2-0.4-1.6,0l-5,5l-5-5c-0.4-0.4-1.2-0.4-1.6,0c-0.4,0.4-0.4,1.2,0,1.6l5,5l-5,5
    	c-0.4,0.4-0.4,1.2,0,1.6c0.2,0.2,0.5,0.3,0.8,0.3s0.6-0.1,0.8-0.3l5-5l5,5c0.2,0.2,0.5,0.3,0.8,0.3s0.6-0.1,0.8-0.3
    	c0.4-0.4,0.4-1.2,0-1.6l-5-5l5-5C19.3,6.5,19.3,5.8,18.9,5.3z"/>
</symbol>
            <symbol id="icon-info" viewBox="0 0 24 24" aria-hidden="true">
    <path id="a" d="M11 22C4.925 22 0 17.075 0 11S4.925 0 11 0s11 4.925 11 11-4.925 11-11 11zm0-2a9 9 0 1 0 0-18 9 9 0 0 0 0 18zm1-5a1 1 0 0 1-2 0v-4a1 1 0 0 1 2 0v4zm-1.707-6.293a1 1 0 1 1 1.414-1.414 1 1 0 0 1-1.414 1.414z"/>
</symbol>
            <symbol id="icon-promo" viewBox="0 0 16 16" aria-hidden="true">
    <g class="icon-promo" stroke="none" stroke-width="1" fill="none" fill-rule="evenodd">
        <path d="M13.1517246,9.42725547 C12.980837,9.56162019 12.9086694,9.79480342 12.9713055,10.0080808 L13.6616641,12.2730862 L11.363192,12.3171635 C11.1473698,12.3192962 10.9560574,12.4636139 10.8866131,12.6768913 L10.1717447,14.9347874 L8.2926621,13.5591485 C8.1163279,13.4304712 7.88280423,13.4304712 7.70715086,13.5591485 L5.85530133,14.9461622 L5.1063916,12.6768913 C5.03694724,12.4650358 4.84767732,12.321429 4.63321681,12.3171635 L2.35653122,12.3043668 L3.02510336,10.0080808 C3.08773945,9.79480342 3.01557178,9.56162019 2.8446842,9.42725547 L1.01257866,8.01891408 L2.84604585,6.57147184 C3.01693344,6.43639619 3.0891011,6.20463481 3.02646502,5.99064654 L2.33610641,3.72493024 L4.63457846,3.68085292 C4.84767732,3.67800922 5.03694724,3.53582432 5.10775325,3.32539068 L5.82262163,1.06749454 L7.70715086,2.44100063 C7.88280423,2.56967796 8.1163279,2.56967796 8.2926621,2.44100063 L10.1445116,1.05256512 L10.8934214,3.32254698 C10.9649082,3.53369155 11.1548589,3.67587645 11.3700003,3.67800922 L13.6473667,3.69080586 L12.9781137,5.98709192 C12.9154776,6.20108019 12.9876453,6.43284157 13.1585329,6.56862814 L14.9681711,7.9961645 L13.1517246,9.42725547 Z M15.6027019,7.16793748 L14.0538204,5.9458583 L14.6189069,4.00503448 C14.7795821,3.45406801 14.4820606,2.87110994 13.9544197,2.70333176 C13.866593,2.67560571 13.776043,2.66067629 13.6848122,2.65854352 L11.7437743,2.62228637 L11.1106052,0.703501206 C10.930186,0.158222132 10.3610146,-0.130413206 9.83950112,0.0572708565 C9.7509936,0.0892624579 9.66725188,0.1340507 9.59099925,0.190213734 L7.99990648,1.35328618 L6.40881371,0.190213734 C5.95606373,-0.139655224 5.333107,-0.0244854584 5.01720326,0.448279319 C4.96409875,0.526481012 4.92188747,0.613924722 4.89193108,0.704212131 L4.25876194,2.62370822 L2.31500077,2.65854352 C1.76285005,2.67134016 1.32507826,3.14837048 1.33733315,3.72493024 C1.33937563,3.81948319 1.353673,3.91403615 1.38022525,4.00503448 L1.94531169,5.9458583 L0.397111021,7.16722655 C-0.0433840686,7.51486862 -0.130529929,8.16820822 0.201713663,8.62817636 C0.258222306,8.7049562 0.323581701,8.77320495 0.397111021,8.83150076 L1.94531169,10.0535799 L1.38022525,11.9936928 C1.21955007,12.5453702 1.51843314,13.1283283 2.04607409,13.2953955 C2.13321995,13.3231216 2.22376995,13.338051 2.31500077,13.3401838 L4.25603863,13.3771519 L4.88920777,15.296648 C5.06962694,15.8412161 5.63947916,16.1312733 6.16099267,15.9421674 C6.24813853,15.9108867 6.3305186,15.8675203 6.4060904,15.8120682 L7.99990648,14.646863 L9.59236091,15.8106464 C10.0451109,16.1398044 10.6673868,16.0239237 10.9826097,15.5511589 C11.0357142,15.4722463 11.0779255,15.3862244 11.1078819,15.2945152 L11.741051,13.3750191 L13.6820889,13.3373401 C14.232878,13.3266762 14.6720114,12.8517787 14.661799,12.2766408 C14.6604373,12.179955 14.6454591,12.0839802 14.6189069,11.9915601 L14.0538204,10.0514472 L15.6033828,8.82865706 C16.043197,8.48243684 16.1303429,7.82909724 15.7987801,7.36984003 C15.7429523,7.29306019 15.6769121,7.22410051 15.6033828,7.16580471 L15.6027019,7.16793748 Z M5.3660428,6.25466653 C5.36953953,5.8897821 5.65557206,5.59641501 6.00524508,5.59787455 C6.35561744,5.60079362 6.63675455,5.89926909 6.63465651,6.26415353 C6.61647352,6.62174027 6.34023183,6.9070799 5.99685293,6.92094551 C5.64648056,6.91802643 5.36464411,6.62028073 5.3660428,6.25466653 L5.3660428,6.25466653 Z M6.00034966,7.65217391 C6.73256496,7.65071438 7.32700909,7.03478945 7.33330321,6.27072144 C7.33819863,5.50227483 6.74585253,4.8746736 6.00944115,4.86956522 L6.00034966,4.86956522 C5.26813435,4.87102476 4.67369022,5.48549014 4.66669676,6.24955815 C4.66180134,7.01800477 5.25484678,7.64560599 5.99125816,7.65217391 L6.00034966,7.65217391 Z M9.77931965,10.2065127 C9.52964352,10.4640737 9.12820345,10.4611552 8.88202418,10.2006756 C8.6358449,9.94092569 8.6386424,9.52211541 8.88831853,9.26455438 C9.1372953,9.00772299 9.53873536,9.01064153 9.78491464,9.2711211 C9.78491464,9.2711211 9.78561401,9.2711211 9.78561401,9.27185073 C10.0317933,9.53160066 10.0289958,9.95114058 9.77931965,10.207972 C9.77931965,10.2087016 9.77931965,10.2087016 9.77931965,10.2087016 L9.77931965,10.2065127 Z M8.39735873,8.74724343 C8.92118906,8.2095027 9.76393345,8.21533978 10.28077,8.76110648 C10.7990054,9.30760283 10.7948092,10.1882718 10.2709788,10.7282015 C9.7471485,11.2688607 8.90300537,11.2637533 8.38477002,10.7172569 C7.86723405,10.1693013 7.87212966,9.28790269 8.39735873,8.74724343 Z M10.5279533,4.93946761 C10.6834276,5.05161987 10.7125347,5.26057022 10.5932667,5.40743628 L5.97305405,10.9950223 C5.97021433,10.9996953 5.96666469,11.0030332 5.96382498,11.0070386 C5.83958755,11.1505668 5.61667009,11.1719292 5.46403553,11.0551039 C5.3121109,10.9389462 5.2893932,10.7286607 5.4129207,10.5858001 L10.0310036,4.99821403 C10.1509815,4.85335069 10.373189,4.82664777 10.5279533,4.93946761 Z" id="Fill-115" fill="#fff78f"></path>
    </g>
</symbol>            <symbol id="icon-coupon" viewBox="0 0 16 16" >
    <g class="icon-coupon" stroke="none" stroke-width="1" fill="none" fill-rule="evenodd">
        <path d="M0.698794442,6.82930645 L0.698794442,4.1352725 C0.69814431,3.24946939 1.40353682,2.52888756 2.27146216,2.52888756 L13.7261263,2.52888756 C14.1402599,2.51441562 14.5595947,2.70375679 14.8586551,3.02153639 C15.1427625,3.32243207 15.298794,3.71799833 15.298794,4.1352725 L15.298794,6.86441809 C14.7581825,7.13113049 14.386294,7.68786754 14.386294,8.33146381 C14.386294,8.97506007 14.7581825,9.53179713 15.298794,9.79850953 L15.298794,11.8717285 C15.298794,12.7575316 14.5940516,13.4781135 13.7261263,13.4781135 L2.27081203,13.4781135 L2.26366058,13.4781135 C1.83587416,13.4763045 1.43734365,13.3014352 1.13893336,12.9860676 C0.854175832,12.6845689 0.698794442,12.2890027 0.698794442,11.8717285 L0.698794442,9.83362117 C1.28026659,9.58308878 1.68733566,9.00481433 1.68733566,8.33146381 C1.68733566,7.65811328 1.28026659,7.07983883 0.698794442,6.82930645 Z M6.34747793,6.97362745 L5.71754399,6.97362745 L5.71754399,7.66370557 L6.23972607,7.66370557 C6.23420031,7.70088168 6.23143747,7.74038071 6.23143747,7.78220383 L6.23143747,7.9982889 C6.23143747,8.02617099 6.23420031,8.06567001 6.23972607,8.11678717 L5.71754399,8.11678717 L5.71754399,8.80686529 L6.31432351,8.80686529 C6.43036456,9.31803683 6.67073168,9.71418883 7.0354321,9.99533317 C7.40013252,10.2764775 7.92783506,10.4170476 8.61855555,10.4170476 C8.9335241,10.4170476 9.20842673,10.3926511 9.4432717,10.3438575 C9.67811666,10.2950638 9.87013408,10.2381388 10.0193297,10.1730806 L9.77896018,9.37147467 C9.5910842,9.43653286 9.40321105,9.48300231 9.21533507,9.51088439 C9.0274591,9.53876647 8.84234879,9.55270731 8.65999858,9.55270731 C8.37818461,9.55270731 8.14334317,9.49810571 7.9554672,9.38890088 C7.76759122,9.27969605 7.62668636,9.08568613 7.53274837,8.80686529 L8.95838834,8.80686529 L9.11587182,8.11678717 L7.42499651,8.11678717 C7.41947075,8.06567001 7.41670791,8.02617099 7.41670791,7.9982889 L7.41670791,7.79265956 C7.41670791,7.75780696 7.41947075,7.71482272 7.42499651,7.66370557 L9.21533507,7.66370557 L9.37281856,6.97362745 L7.53274837,6.97362745 C7.61563483,6.73662973 7.74963259,6.55772238 7.93474569,6.43690002 C8.11985878,6.31607765 8.37818437,6.25566738 8.7097302,6.25566738 C8.91418347,6.25566738 9.08547958,6.26844647 9.22362368,6.29400505 C9.36176778,6.31956363 9.49714696,6.3509305 9.6297653,6.38810661 L9.88671204,5.57953022 C9.70988759,5.52376606 9.5330658,5.47962009 9.35624135,5.44709099 C9.1794169,5.41456189 8.96667818,5.39829758 8.71801881,5.39829758 C8.08808172,5.39829758 7.57143054,5.5307355 7.16804977,5.79561529 C6.76466901,6.06049509 6.49114779,6.45316188 6.34747793,6.97362745 Z" id="Combined-" fill="#fff78f" transform="translate(7.998794, 8.003113) rotate(-12.000000) translate(-7.998794, -8.003113) "></path>
    </g>
</symbol>
            <symbol id="icon-carrefour-loyalty-card" viewBox="0 0 16 16">
    <g class="icon-carrefour-loyalty-card" stroke="none" stroke-width="1" fill="none" fill-rule="evenodd">
        <path d="M2.26366058,13.4831135 C1.83587416,13.4813045 1.43734365,13.3064352 1.13893336,12.9910676 C0.854175832,12.6895689 0.698794442,12.2940027 0.698794442,11.8767285 L0.698794442,4.1402725 C0.69814431,3.25446939 1.40353682,2.53388756 2.27146216,2.53388756 L13.7261263,2.53388756 C14.1402599,2.51941562 14.5595947,2.70875679 14.8586551,3.02653639 C15.1427625,3.32743207 15.298794,3.72299833 15.298794,4.1402725 L15.298794,11.8767285 C15.298794,12.7625316 14.5940516,13.4831135 13.7261263,13.4831135 L2.27081203,13.4831135 L2.26366058,13.4831135 Z M6.26877405,5.45056981 L4.07133011,7.5764993 C3.96210805,7.66946808 3.89254399,7.77869015 3.89254399,7.9353718 C3.89254399,8.09140332 3.96210805,8.20062539 4.07133011,8.29489443 L6.26877405,10.4195237 C6.28307694,10.4344767 6.2967297,10.4396777 6.30843206,10.4396777 C6.32923626,10.4396777 6.34353915,10.4208239 6.34288902,10.3987195 C6.34223889,10.3857168 6.33638771,10.3707638 6.32338508,10.3577612 C5.80783093,9.71673168 5.43270514,8.98208326 5.43270514,7.94252325 C5.43270514,6.90296323 5.80783093,6.15401192 6.32338508,5.51233229 C6.33638771,5.49997979 6.34223889,5.48502677 6.34288902,5.47137402 C6.34353915,5.44926955 6.32923626,5.43041574 6.30843206,5.43041574 C6.2967297,5.43041574 6.28307694,5.43626692 6.26877405,5.45056981 Z M7.95827037,5.27061346 C7.0981466,5.27061346 6.76137857,6.48960972 6.76137857,7.94265327 C6.76137857,9.39634695 7.0981466,10.5997401 7.95827037,10.5997401 C8.47447465,10.5997401 8.91461357,10.2967789 8.91591383,10.0484287 C8.91656397,9.99446779 8.89510963,9.94245728 8.84960044,9.89694809 C8.60515105,9.66030028 8.50958175,9.4243026 8.50828148,9.21561044 C8.50698122,8.81773006 8.85220096,8.52127017 9.17011519,8.52127017 C9.60830371,8.52127017 9.86640586,8.86518965 9.86640586,9.31052962 C9.86640586,9.73246486 9.68631947,10.0841859 9.49062994,10.3650427 C9.4834785,10.3773951 9.47957771,10.3897476 9.47957771,10.4007999 C9.48022784,10.4229043 9.49258033,10.441108 9.51273441,10.441108 C9.52378664,10.441108 9.53808953,10.4352568 9.55304255,10.4196537 L11.7511366,8.29502446 C11.8603587,8.20075542 11.9305729,8.09153335 11.9305729,7.93550183 C11.9305729,7.77882018 11.8603587,7.66959811 11.7511366,7.5759792 L9.55304255,5.45069984 C9.53808953,5.43574682 9.52378664,5.4292455 9.51273441,5.4292455 C9.49258033,5.4292455 9.48022784,5.44744918 9.47957771,5.46955365 C9.47957771,5.48060588 9.4834785,5.49360851 9.49062994,5.50531087 C9.68631947,5.78616761 9.86640586,6.1385388 9.86640586,6.55982391 C9.86640586,7.00516388 9.60830371,7.34973349 9.17011519,7.34973349 C8.85220096,7.34973349 8.50698122,7.0532736 8.50828148,6.65474308 C8.50958175,6.44670105 8.60515105,6.21005325 8.84960044,5.97405557 C8.89510963,5.92789624 8.91656397,5.87653587 8.91591383,5.82192484 C8.91461357,5.57292453 8.47447465,5.27061346 7.95827037,5.27061346 Z" id="Combined-Shape" fill="#0e3368" transform="translate(7.998794, 8.008113) rotate(-12.000000) translate(-7.998794, -8.008113) "></path>
    </g>
</symbol>            <symbol id="icon-carrefour-loyalty-card-hightlighted" viewBox="0 0 16 16">
    <g class="icon-carrefour-loyalty-card-hightlighted" stroke="none" stroke-width="1" fill="none" fill-rule="evenodd">
        <path d="M2.26366058,13.4831135 C1.83587416,13.4813045 1.43734365,13.3064352 1.13893336,12.9910676 C0.854175832,12.6895689 0.698794442,12.2940027 0.698794442,11.8767285 L0.698794442,4.1402725 C0.69814431,3.25446939 1.40353682,2.53388756 2.27146216,2.53388756 L13.7261263,2.53388756 C14.1402599,2.51941562 14.5595947,2.70875679 14.8586551,3.02653639 C15.1427625,3.32743207 15.298794,3.72299833 15.298794,4.1402725 L15.298794,11.8767285 C15.298794,12.7625316 14.5940516,13.4831135 13.7261263,13.4831135 L2.27081203,13.4831135 L2.26366058,13.4831135 Z M6.26877405,5.45056981 L4.07133011,7.5764993 C3.96210805,7.66946808 3.89254399,7.77869015 3.89254399,7.9353718 C3.89254399,8.09140332 3.96210805,8.20062539 4.07133011,8.29489443 L6.26877405,10.4195237 C6.28307694,10.4344767 6.2967297,10.4396777 6.30843206,10.4396777 C6.32923626,10.4396777 6.34353915,10.4208239 6.34288902,10.3987195 C6.34223889,10.3857168 6.33638771,10.3707638 6.32338508,10.3577612 C5.80783093,9.71673168 5.43270514,8.98208326 5.43270514,7.94252325 C5.43270514,6.90296323 5.80783093,6.15401192 6.32338508,5.51233229 C6.33638771,5.49997979 6.34223889,5.48502677 6.34288902,5.47137402 C6.34353915,5.44926955 6.32923626,5.43041574 6.30843206,5.43041574 C6.2967297,5.43041574 6.28307694,5.43626692 6.26877405,5.45056981 Z M7.95827037,5.27061346 C7.0981466,5.27061346 6.76137857,6.48960972 6.76137857,7.94265327 C6.76137857,9.39634695 7.0981466,10.5997401 7.95827037,10.5997401 C8.47447465,10.5997401 8.91461357,10.2967789 8.91591383,10.0484287 C8.91656397,9.99446779 8.89510963,9.94245728 8.84960044,9.89694809 C8.60515105,9.66030028 8.50958175,9.4243026 8.50828148,9.21561044 C8.50698122,8.81773006 8.85220096,8.52127017 9.17011519,8.52127017 C9.60830371,8.52127017 9.86640586,8.86518965 9.86640586,9.31052962 C9.86640586,9.73246486 9.68631947,10.0841859 9.49062994,10.3650427 C9.4834785,10.3773951 9.47957771,10.3897476 9.47957771,10.4007999 C9.48022784,10.4229043 9.49258033,10.441108 9.51273441,10.441108 C9.52378664,10.441108 9.53808953,10.4352568 9.55304255,10.4196537 L11.7511366,8.29502446 C11.8603587,8.20075542 11.9305729,8.09153335 11.9305729,7.93550183 C11.9305729,7.77882018 11.8603587,7.66959811 11.7511366,7.5759792 L9.55304255,5.45069984 C9.53808953,5.43574682 9.52378664,5.4292455 9.51273441,5.4292455 C9.49258033,5.4292455 9.48022784,5.44744918 9.47957771,5.46955365 C9.47957771,5.48060588 9.4834785,5.49360851 9.49062994,5.50531087 C9.68631947,5.78616761 9.86640586,6.1385388 9.86640586,6.55982391 C9.86640586,7.00516388 9.60830371,7.34973349 9.17011519,7.34973349 C8.85220096,7.34973349 8.50698122,7.0532736 8.50828148,6.65474308 C8.50958175,6.44670105 8.60515105,6.21005325 8.84960044,5.97405557 C8.89510963,5.92789624 8.91656397,5.87653587 8.91591383,5.82192484 C8.91461357,5.57292453 8.47447465,5.27061346 7.95827037,5.27061346 Z" id="Combined-Shape" fill="#c4efff" transform="translate(7.998794, 8.008113) rotate(-12.000000) translate(-7.998794, -8.008113) "></path>
    </g>
</symbol>        </defs>
    </svg>
</aside>
  </main>

  <div id="overlay"></div>

                                        <footer id="colophon" class="colophon">
  
<div
  is="AdTag"
  id="gam_banner-iab_3"
  class="ad-tag"
>
  <div class="ad-tag__inner"></div>
</div>

  <div class="colophon__container">
    <div class="colophon__wrapper">
                  <div class="colophon__social-box">
            <strong class="sub-title">
  Suivez-nous
</strong>
            <ul class="social-links">
      <li>
      <a href="https://fr-fr.facebook.com/carrefour/ " target="_blank">
        <span class="social-links_label">Facebook</span>
      </a>
    </li>
      <li>
      <a href="https://www.instagram.com/carrefourfrance/" target="_blank">
        <span class="social-links_label">Instagram</span>
      </a>
    </li>
      <li>
      <a href="https://www.pinterest.fr/carrefourfrance/" target="_blank">
        <span class="social-links_label">Pinterest</span>
      </a>
    </li>
      <li>
      <a href="https://twitter.com/carrefourfrance" target="_blank">
        <span class="social-links_label">Twitter</span>
      </a>
    </li>
      <li>
      <a href="https://www.youtube.com/user/CarrefourFrance" target="_blank">
        <span class="social-links_label">Youtube</span>
      </a>
    </li>
  </ul>
          </div>
        
    </div>
  </div>

  <div class="colophon__container-links">
    <div class="colophon__wrapper">
      <nav class="colophon__main-links">
                              <div class="links-list">
          <strong class="sub-title">
  EN CE MOMENT
</strong>
        <ul class="links-list__items">
                  <li>
          <a href="/promotions" class="link" target="_self">Promotions</a>
        </li>
                        <li>
          <a href="/services/carte-carrefour/primes" class="link" target="_self">Primes Fidélités</a>
        </li>
                        <li>
          <a href="/engagements/act-for-food" class="link" target="_self">Act For Food</a>
        </li>
                        <li>
          <a href="/edito/votre-sante-notre-priorite" class="link" target="_self">Prévention Covid-19</a>
        </li>
                        <li>
          <a href="https://jouetsdenoel.carrefour.fr/" class="link" target="_blank">Jouets de Noël</a>
        </li>
                        <li>
          <a href="/jeux-consoles/call-of-duty-cold-war" class="link" target="_self">Call of Duty Cold War</a>
        </li>
                        <li>
          <a href="/jeux-consoles/cyberpunk-2077" class="link" target="_self">Cyberpunk 2077</a>
        </li>
                        <li>
          <a href="/jeux-consoles/playstation-5" class="link" target="_self">PlayStation 5</a>
        </li>
                        <li>
          <a href="/jeux-consoles/xbox-series-x" class="link" target="_self">Xbox Series X</a>
        </li>
            </ul>
</div>
                                        <div class="links-list">
          <strong class="sub-title">
  NOS SERVICES
</strong>
        <ul class="links-list__items">
                  <li>
          <a href="/services/drive" class="link" target="_self">Carrefour Drive</a>
        </li>
                        <li>
          <a href="/services/livraison-domicile" class="link" target="_self">Livraison à Domicile</a>
        </li>
                        <li>
          <a href="/services/drive/pieton" class="link" target="_self">Drive Piéton</a>
        </li>
                        <li>
          <a href="/services/livraison-express" class="link" target="_self">Livraison Express</a>
        </li>
                        <li>
          <a href="/services/traiteur-en-ligne" class="link" target="_self">Traiteur en ligne</a>
        </li>
                        <li>
          <a href="/services/carte-carrefour" class="link" target="_self">Carte de Fidélité</a>
        </li>
                        <li>
          <a href="/services/carte-pass" class="link" target="_self">Carte PASS</a>
        </li>
                        <li>
          <a href="/services/fioul-domestique" class="link" target="_blank">Fioul Domestique</a>
        </li>
                        <li>
          <a href="/services" class="link" target="_self">Tous les services</a>
        </li>
            </ul>
</div>
                                        <div class="links-list">
          <strong class="sub-title">
  NOS ENSEIGNES
</strong>
        <ul class="links-list__items">
                  <li>
          <a href="/enseignes/hyper" class="link" target="_self">Hypermarchés</a>
        </li>
                        <li>
          <a href="/enseignes/market" class="link" target="_self">Carrefour Market</a>
        </li>
                        <li>
          <a href="/enseignes/city" class="link" target="_self">Carrefour City</a>
        </li>
                        <li>
          <a href="/enseignes/express" class="link" target="_self">Carrefour Express</a>
        </li>
                        <li>
          <a href="/enseignes/contact" class="link" target="_self">Carrefour Contact</a>
        </li>
                        <li>
          <a href="/enseignes/bio" class="link" target="_self">Carrefour Bio</a>
        </li>
                        <li>
          <a href="/enseignes/montagne" class="link" target="_self">Carrefour Montagne</a>
        </li>
                        <li>
          <a href="/enseignes/bonapp" class="link" target="_self">Bon app&#039;</a>
        </li>
                        <li>
          <a href="/enseignes" class="link" target="_self">Toutes les enseignes</a>
        </li>
            </ul>
</div>
                                        <div class="links-list">
          <strong class="sub-title">
  NOS OFFRES
</strong>
        <ul class="links-list__items">
                  <li>
          <a href="/services/accessibilite-sourds-et-malentendants" class="link" target="_self">Accès malentendants</a>
        </li>
                        <li>
          <a href="/jeux-concours" class="link" target="_self">Jeux Concours</a>
        </li>
                        <li>
          <a href="/evenements/campagnes-tv" class="link" target="_self">Campagnes TV</a>
        </li>
                        <li>
          <a href="/marques/filiere-qualite-carrefour" class="link" target="_self">Filière Qualité Carrefour</a>
        </li>
                        <li>
          <a href="/marques/baby" class="link" target="_self">Carrefour Baby</a>
        </li>
                        <li>
          <a href="/marques/reflets-de-france" class="link" target="_self">Reflets de France</a>
        </li>
                        <li>
          <a href="/marques/carrefour-bio" class="link" target="_self">Carrefour BIO</a>
        </li>
                        <li>
          <a href="/marques/veggie" class="link" target="_self">Carrefour Veggie</a>
        </li>
                        <li>
          <a href="/marques/les-produits-carrefour" class="link" target="_self">Carrefour Classic</a>
        </li>
            </ul>
</div>
                        </nav>
    </div>

          <div class="colophon__helper">
        
                  <a
    data-track-event="{ 'event': 'nav', 'category': 'navigation', 'action': 'footer-faq', 'label': '' }"
    href="/faq"
    class="colophon__banner"
  >
    <span class="colophon__banner-wrapper">
      <span class="colophon__banner-content">
        <strong class="title">
                      Aide et Service Client
                  </strong>
        <div class="colophon__banner-picture">
            <picture class="colophon__banner-visual">
              <img alt="" data-src="/images/colophon-help-visual.svg" class="image--lazy" style="width:6rem;">
            </picture>
            <div class="colophon__banner-text">
              <span class="colophon__banner-description">
                                  Vous rencontrez des difficultés sur notre site ou avec un service Carrefour ?
                              </span>
              <span class="link--terciary colophon__banner-action">
                                  ACCÉDER À L&#039;AIDE
                              </span>
          </div>
        </div>
      </span>
    </span>
  </a>
        
                      <a
    data-track-event="{ 'event': 'nav', 'category': 'navigation', 'action': 'footer', 'label': 'trouver-magasin' }"
    href="/magasin"
    class="colophon__banner"
  >
    <span class="colophon__banner-wrapper">
      <span class="colophon__banner-content">
        <strong class="title">
                      Trouver un magasin
                  </strong>
        <div class="colophon__banner-picture">
            <picture class="colophon__banner-visual">
              <img alt="" data-src="/images/store-loc-icon.svg" class="image--lazy" style="width:6rem;">
            </picture>
            <div class="colophon__banner-text">
              <span class="colophon__banner-description">
                                  Vous cherchez un magasin Carrefour, ses horaires et sa localisation ?
                              </span>
              <span class="link--terciary colophon__banner-action">
                                  VISUALISER UN MAGASIN
                              </span>
          </div>
        </div>
      </span>
    </span>
  </a>
      </div>
    
  </div>

    <nav class="colophon__secondary-links">
    <div class="links-list">
    <ul class="links-list__items">
                  <li>
          <a href="/mentions-legales" class="link" target="_self">Mentions légales</a>
        </li>
                        <li>
          <a href="/conditions-generales-utilisation" class="link" target="_self">CGU</a>
        </li>
                        <li>
          <a href="/conditions-generales-utilisation-marketplace" class="link" target="_self">CGU Marketplace</a>
        </li>
                        <li>
          <a href="/conditions-generales-ventes" class="link" target="_self">CGV</a>
        </li>
                        <li>
          <a href="/cookies" class="link" target="_self">Politique sur les cookies</a>
        </li>
                        <li>
          <a href="#show-privacy-center" class="link" target="_self">Paramétrer vos cookies</a>
        </li>
                        <li>
          <a href="/articles/politique-generale-protection-donnees-personnelles" class="link" target="_self">Politique générale de protection des données</a>
        </li>
                        <li>
          <a href="/articles/gestion-donnees-personnelles" class="link" target="_self">Gérer vos données à caractère personnel</a>
        </li>
                        <li>
          <a href="/securite" class="link" target="_self">Alerte de sécurité</a>
        </li>
                        <li>
          <a href="/pieces-detachees" class="link" target="_self">Pièces détachées</a>
        </li>
                        <li>
          <a href="/rappel-produits" class="link" target="_self">Rappel Produits</a>
        </li>
                        <li>
          <a href="/magasin/liste" class="link" target="_self">Magasins</a>
        </li>
                        <li>
          <a href="/services/carte-carrefour/conditions-generales" class="link" target="_self">CG Carte Carrefour</a>
        </li>
                        <li>
          <a href="https://recrute.carrefour.fr/" class="link" target="_blank">Carrefour recrute</a>
        </li>
            </ul>
</div>
  </nav>
  </footer>
            
    
  <div id="common-popups">
    <notification-container></notification-container>
    <basket-conflict-popup></basket-conflict-popup>
    <address-conflict></address-conflict>
    <global-notif :silent-notif="false" :config="null"></global-notif>
    <channel-conflict-popup></channel-conflict-popup>
  </div>

  <script type="text/javascript">
        window.ONECF_INITIAL_STATE = {"manage":{"store":{"ref":"0261","basketServiceId":"0261-150-6","name":"Carrefour","isDrive":true,"isLad":false,"isOoshop":false,"postalCode":"00000","mode":"PICKING_DRIVE","cartStoreFormat":"HYPER","format":"HYPER","driveType":"drive","isLoyaltyActivated":true,"orderType":"PICKING_DRIVE","cartStoreID":"6","canPayOnStore":false,"cardAcceptedOnStore":[],"address":{"address1":"X","address2":"X","address3":"","city":"X","cityCode":"XX000","postalCode":"00000","region":"","geoCoordinates":{"lat":"","lon":""}},"distance":null,"isOpenToday":false,"todayOpening":null,"pickingMode":null,"banner":"NON DEFINI","isVirtual":true,"storePageUrl":"\/magasin\/","hideDriveFeesEnabled":true},"slot":{"title":"A partir du L. 4 Janvier \u00e0 15h54","hour":"15h54","displayableOffset":"0 Heures","date":{"begin":"2021-01-04T15:54:10+0100","end":"2021-01-04T16:54:10+0100","cutoff":null},"ref":"0","isDefault":true,"dayMaxCapacity":null,"dayUsedCapacity":null,"slice":"1A"},"accountSidebarActiveKey":null},"shop":{"sideNav":[{"name":"Boissons","code":"R10","id":"27070","type":"RAYON","picto":"https:\/\/media.carrefour.fr\/medias\/5994db3414e934f68edcb2a3cd59ba20\/p_96x96\/27070.jpg","level":1,"sellerId":null,"slug":"boissons","selected":false,"children":[{"name":"Champagnes et P\u00e9tillants","code":"R10F01","id":"27075","type":"RAYON","picto":null,"level":2,"sellerId":null,"slug":"champagnes-petillants","selected":false,"children":[],"layers":"\/navigation\/27075\/layers","link":"\/r\/boissons\/champagnes-petillants"},{"name":"Cave \u00e0 vins","code":"R10F02","id":"27074","type":"RAYON","picto":null,"level":2,"sellerId":null,"slug":"cave-a-vins","selected":false,"children":[],"layers":"\/navigation\/27074\/layers","link":"\/r\/boissons\/cave-a-vins"},{"name":"Bi\u00e8res et Cidres","code":"R10F03","id":"27076","type":"RAYON","picto":null,"level":2,"sellerId":null,"slug":"bieres-cidres","selected":false,"children":[],"layers":"\/navigation\/27076\/layers","link":"\/r\/boissons\/bieres-cidres"},{"name":"Ap\u00e9ritifs et Spiritueux","code":"R10F04","id":"27077","type":"RAYON","picto":null,"level":2,"sellerId":null,"slug":"aperitifs-et-spiritueux","selected":false,"children":[],"layers":"\/navigation\/27077\/layers","link":"\/r\/boissons\/aperitifs-et-spiritueux"},{"name":"Eaux","code":"R10F05","id":"27071","type":"RAYON","picto":null,"level":2,"sellerId":null,"slug":"eaux","selected":false,"children":[],"layers":"\/navigation\/27071\/layers","link":"\/r\/boissons\/eaux"},{"name":"Jus de fruits et L\u00e9gumes","code":"R10F06","id":"27072","type":"RAYON","picto":null,"level":2,"sellerId":null,"slug":"jus-fruits-legumes","selected":false,"children":[],"layers":"\/navigation\/27072\/layers","link":"\/r\/boissons\/jus-fruits-legumes"},{"name":"Colas, Th\u00e9s glac\u00e9s et Softs","code":"R10F07","id":"27073","type":"RAYON","picto":null,"level":2,"sellerId":null,"slug":"colas-thes-glaces-et-soft-drinks","selected":false,"children":[],"layers":"\/navigation\/27073\/layers","link":"\/r\/boissons\/colas-thes-glaces-et-soft-drinks"}],"layers":"\/navigation\/27070\/layers","link":"\/r\/boissons"},{"name":"Cave \u00e0 vins","code":"R10F02","id":"27074","type":"RAYON","picto":null,"level":2,"sellerId":null,"slug":"cave-a-vins","selected":false,"children":[{"name":"Vins rouges","code":"R10F02SF01","id":"27105","type":"RAYON","picto":null,"level":3,"sellerId":null,"slug":"vins-rouges","selected":false,"children":[],"layers":"\/navigation\/27105\/layers","link":"\/r\/boissons\/cave-a-vins\/vins-rouges"},{"name":"Vins blancs","code":"R10F02SF02","id":"27106","type":"RAYON","picto":null,"level":3,"sellerId":null,"slug":"vins-blancs","selected":false,"children":[],"layers":"\/navigation\/27106\/layers","link":"\/r\/boissons\/cave-a-vins\/vins-blancs"},{"name":"Vins ros\u00e9s","code":"R10F02SF03","id":"27107","type":"RAYON","picto":null,"level":3,"sellerId":null,"slug":"vins-roses","selected":false,"children":[],"layers":"\/navigation\/27107\/layers","link":"\/r\/boissons\/cave-a-vins\/vins-roses"},{"name":"Vins \u00e9trangers","code":"R10F02SF04","id":"27139","type":"RAYON","picto":null,"level":3,"sellerId":null,"slug":"vins-etrangers","selected":false,"children":null,"layers":"\/navigation\/27139\/layers","link":"\/r\/boissons\/cave-a-vins\/vins-etrangers"},{"name":"Fontaines \u00e0 vins","code":"R10F02SF05","id":"27140","type":"RAYON","picto":null,"level":3,"sellerId":null,"slug":"fontaines-vins","selected":false,"children":null,"layers":"\/navigation\/27140\/layers","link":"\/r\/boissons\/cave-a-vins\/fontaines-vins"}],"layers":"\/navigation\/27074\/layers","link":"\/r\/boissons\/cave-a-vins"}],"cart":[],"enableCoupons":true,"clickAndCollectEnable":true,"shouldFetchShoppingList":true,"shouldFetchCoupon":true,"productCardConfig":[],"ccCarts":[],"marketplaceCarts":[],"lastBasketModified":[]},"navigation":{"hasPromotions":true,"tree":[{"name":"Promotions","code":"promotions","id":"promotions","type":"RAYON","picto":null,"level":1,"sellerId":null,"slug":"","selected":false,"children":[{"name":"D\u00e9stockage Jouets","code":"currentevent0","id":"currentevent0","type":"RAYON","picto":"https:\/\/static-cms.carrefour.fr\/sites\/default\/files\/2020-12\/destockage-jouets-s53-mobile_580x290.jpg?itok=lpVdLKPA","level":1,"sellerId":null,"slug":"","selected":false,"target":"_blank","children":null,"link":"https:\/\/jouetsdenoel.carrefour.fr"},{"name":"Le blanc","code":"currentevent1","id":"currentevent1","type":"RAYON","picto":"https:\/\/static-cms.carrefour.fr\/sites\/default\/files\/2020-10\/services-gtf-desktop_1380x690_5.jpg?itok=gFna26qn","level":1,"sellerId":null,"slug":"","selected":false,"children":null,"link":"\/evenements\/le-blanc"},{"name":"Epiphanie ","code":"currentevent2","id":"currentevent2","type":"RAYON","picto":"https:\/\/static-cms.carrefour.fr\/sites\/default\/files\/2021-01\/viva-italia-pastille_nav_2019_2.jpg?itok=tb8HyvSA","level":1,"sellerId":null,"slug":"","selected":false,"children":null,"link":"https:\/\/www.carrefour.fr\/evenements\/epiphanie"},{"name":"Surgel\u00e9s","code":"currentevent3","id":"currentevent3","type":"RAYON","picto":"https:\/\/static-cms.carrefour.fr\/sites\/default\/files\/2021-01\/viva-italia-pastille_nav_2019.jpg?itok=-5HjGYeP","level":1,"sellerId":null,"slug":"","selected":false,"children":null,"link":"\/boutique\/surgeles"},{"name":"Sp\u00e9cial boucherie","code":"currentevent4","id":"currentevent4","type":"RAYON","picto":"https:\/\/static-cms.carrefour.fr\/sites\/default\/files\/2021-01\/viva-italia-pastille_nav_2019_3.jpg?itok=YG0oASBS","level":1,"sellerId":null,"slug":"","selected":false,"children":null,"link":"\/boutique\/foire-a-la-viande"},{"name":"Maxi format, Mini prix","code":"currentevent5","id":"currentevent5","type":"RAYON","picto":"https:\/\/static-cms.carrefour.fr\/sites\/default\/files\/2021-01\/viva-italia-pastille_nav_2019_0.jpg?itok=TEhTv8iC","level":1,"sellerId":null,"slug":"","selected":false,"children":null,"link":"\/evenements\/formats-eco"},{"name":"Bons plans High Tech","code":"currentevent6","id":"currentevent6","type":"RAYON","picto":"https:\/\/static-cms.carrefour.fr\/sites\/default\/files\/2020-10\/2020-07-20.jpg?itok=cFKjkj_a","level":1,"sellerId":null,"slug":"","selected":false,"children":null,"link":"\/edito\/high-tech-maison-loisirs"}],"panel":{"code":"catalogues","name":"Catalogues","children":{"catalogues_25543":{"code":"catalogues_25543","link":"\/catalogue\/carrefour\/hypermarche-5604_000_2021-LJI090ou","image":"https:\/\/medias-prod2-carrefour.e-catalogues.pro\/images\/150e\/25543\/cover.jpg","startDate":"2021-01-19T12:00:00","endDate":"2021-01-31T23:59:00","name":"Manger Sain Janvier"},"catalogues_25460":{"code":"catalogues_25460","link":"\/catalogue\/carrefour\/hypermarche-5690_000_2021-PaRA09lo","image":"https:\/\/medias-prod2-carrefour.e-catalogues.pro\/images\/150e\/25460\/cover.jpg","startDate":"2021-01-04T12:00:00","endDate":"2021-02-02T23:59:00","name":"Ma Parapharmacie"},"catalogues_25470":{"code":"catalogues_25470","link":"\/catalogue\/carrefour\/hypermarche-Beaute1-5610_000_2021-Bhdgbhv7","image":"https:\/\/medias-prod2-carrefour.e-catalogues.pro\/images\/150e\/25470\/cover.jpg","startDate":"2021-01-05T12:00:00","endDate":"2021-01-18T23:59:00","name":"VOTRE QUOTIDIEN BEAUTE - Routines bio et naturelles"},"catalogues_26544":{"code":"catalogues_26544","link":"\/catalogue\/carrefour\/hypermarche-RENFORTMDC-5660_000_2021-TezYT83j","image":"https:\/\/medias-prod2-carrefour.e-catalogues.pro\/images\/150e\/26544\/cover.jpg","startDate":"2021-01-05T12:00:00","endDate":"2021-01-12T23:59:00","name":"LES JOURS TOTALEMENT CARROUF-Le meilleur des marques Carrefour \u00e0 petit prix"}},"link":"\/catalogue"},"link":"\/promotions"},{"name":"Nos vendeurs partenaires","code":"R01","id":"27992","type":"RAYON","picto":"https:\/\/media.carrefour.fr\/medias\/a78dec5265fc391ab993a6646d34a331\/p_96x96\/27992.jpg","level":1,"sellerId":null,"slug":"vendeurs-partenaires-carrefour","selected":false,"children":[{"name":"Made in France","code":"R01F02","id":"29196","type":"RAYON","picto":null,"level":2,"sellerId":null,"slug":"made-in-france","selected":false,"children":[{"name":"\u00c9picerie sal\u00e9e ","code":"R01F02SF01","id":"29197","type":"RAYON","picto":null,"level":3,"sellerId":null,"slug":"epicerie-salee","selected":false,"children":null,"layers":"\/navigation\/29197\/layers","link":"\/r\/vendeurs-partenaires-carrefour\/made-in-france\/epicerie-salee"},{"name":"\u00c9picerie sucr\u00e9e","code":"R01F02SF02","id":"29198","type":"RAYON","picto":null,"level":3,"sellerId":null,"slug":"epicerie-sucree","selected":false,"children":null,"layers":"\/navigation\/29198\/layers","link":"\/r\/vendeurs-partenaires-carrefour\/made-in-france\/epicerie-sucree"},{"name":"Viandes & Poissons","code":"R01F02SF03","id":"29199","type":"RAYON","picto":null,"level":3,"sellerId":null,"slug":"viandes-poissons","selected":false,"children":null,"layers":"\/navigation\/29199\/layers","link":"\/r\/vendeurs-partenaires-carrefour\/made-in-france\/viandes-poissons"},{"name":"Surgel\u00e9s","code":"R01F02SF04","id":"29200","type":"RAYON","picto":null,"level":3,"sellerId":null,"slug":"surgeles","selected":false,"children":null,"layers":"\/navigation\/29200\/layers","link":"\/r\/vendeurs-partenaires-carrefour\/made-in-france\/surgeles"},{"name":"Boissons","code":"R01F02SF05","id":"29201","type":"RAYON","picto":null,"level":3,"sellerId":null,"slug":"boissons","selected":false,"children":null,"layers":"\/navigation\/29201\/layers","link":"\/r\/vendeurs-partenaires-carrefour\/made-in-france\/boissons"},{"name":"Produits Frais","code":"R01F02SF06","id":"29202","type":"RAYON","picto":null,"level":3,"sellerId":null,"slug":"produits-frais","selected":false,"children":null,"layers":"\/navigation\/29202\/layers","link":"\/r\/vendeurs-partenaires-carrefour\/made-in-france\/produits-frais"},{"name":"Fruits & L\u00e9gumes","code":"R01F02SF07","id":"29203","type":"RAYON","picto":null,"level":3,"sellerId":null,"slug":"fruits-legumes","selected":false,"children":null,"layers":"\/navigation\/29203\/layers","link":"\/r\/vendeurs-partenaires-carrefour\/made-in-france\/fruits-legumes"},{"name":"Hygi\u00e8ne et Beaut\u00e9","code":"R01F02SF08","id":"29204","type":"RAYON","picto":null,"level":3,"sellerId":null,"slug":"hygiene-beaute","selected":false,"children":null,"layers":"\/navigation\/29204\/layers","link":"\/r\/vendeurs-partenaires-carrefour\/made-in-france\/hygiene-beaute"}],"layers":"\/navigation\/29196\/layers","link":"\/r\/vendeurs-partenaires-carrefour\/made-in-france"},{"name":"Protection et Hygi\u00e8ne Covid ","code":"R01F03","id":"27993","type":"RAYON","picto":null,"level":2,"sellerId":null,"slug":"protection-hygiene-covid","selected":false,"children":[{"name":"El place ","code":"R01F03SF01","id":"27994","type":"MARKETPLACE","picto":null,"level":3,"sellerId":"2064","slug":"el-place","selected":false,"children":null,"layers":"\/navigation\/27994\/layers","link":"\/v\/2064"},{"name":"FFP2 io","code":"R01F03SF03","id":"28074","type":"MARKETPLACE","picto":null,"level":3,"sellerId":"2125","slug":"ffp2-io","selected":false,"children":null,"layers":"\/navigation\/28074\/layers","link":"\/v\/2125"},{"name":"AtSant\u00e9","code":"R01F03SF06","id":"28619","type":"MARKETPLACE","picto":null,"level":3,"sellerId":"2169","slug":"atsante","selected":false,"children":null,"layers":"\/navigation\/28619\/layers","link":"\/v\/2169"}],"layers":"\/navigation\/27993\/layers","link":"\/r\/vendeurs-partenaires-carrefour\/protection-hygiene-covid"},{"name":"Beaut\u00e9 & Soins","code":"R01F05","id":"28090","type":"RAYON","picto":null,"level":2,"sellerId":null,"slug":"routine-soin-de-la-rentree","selected":false,"children":[{"name":"Cosme-chic","code":"R01F04SF01","id":"28091","type":"MARKETPLACE","picto":null,"level":3,"sellerId":"2038","slug":"cosme-chic","selected":false,"children":null,"layers":"\/navigation\/28091\/layers","link":"\/v\/2038"},{"name":"Univers Beauty","code":"R01F05SF02","id":"28639","type":"MARKETPLACE","picto":null,"level":3,"sellerId":"2052","slug":"univers-beauty","selected":false,"children":null,"layers":"\/navigation\/28639\/layers","link":"\/v\/2052"},{"name":"Peaulette","code":"R01F04SF04","id":"28094","type":"MARKETPLACE","picto":null,"level":3,"sellerId":"2123","slug":"peaulette","selected":false,"children":null,"layers":"\/navigation\/28094\/layers","link":"\/v\/2123"},{"name":"HairStore","code":"R01F04SF05","id":"28095","type":"MARKETPLACE","picto":null,"level":3,"sellerId":"2106","slug":"hair-store","selected":false,"children":null,"layers":"\/navigation\/28095\/layers","link":"\/v\/2106"},{"name":"Jolivia","code":"R01F04SF06","id":"28096","type":"MARKETPLACE","picto":null,"level":3,"sellerId":"2135","slug":"jolivia","selected":false,"children":null,"layers":"\/navigation\/28096\/layers","link":"\/v\/2135"},{"name":"Ceiba Shop","code":"R01F04SF07","id":"28097","type":"MARKETPLACE","picto":null,"level":3,"sellerId":"2033","slug":"ceiba-shop","selected":false,"children":null,"layers":"\/navigation\/28097\/layers","link":"\/v\/2033"},{"name":"Nutrimea & Plastimea","code":"R01F04SF08","id":"28098","type":"MARKETPLACE","picto":null,"level":3,"sellerId":"2083","slug":"nutrimea-plastimea","selected":false,"children":null,"layers":"\/navigation\/28098\/layers","link":"\/v\/2083"},{"name":"Beaute price","code":"R01F04SF09","id":"28099","type":"MARKETPLACE","picto":null,"level":3,"sellerId":"2120","slug":"beaute-price","selected":false,"children":null,"layers":"\/navigation\/28099\/layers","link":"\/v\/2120"},{"name":"Acticoco","code":"R01F04SF10","id":"28101","type":"MARKETPLACE","picto":null,"level":3,"sellerId":"2113","slug":"acticoco","selected":false,"children":null,"layers":"\/navigation\/28101\/layers","link":"\/v\/2113"},{"name":"Jolie Francaise","code":"R01F04SF11","id":"28102","type":"MARKETPLACE","picto":null,"level":3,"sellerId":"2079","slug":"jolie-francaise","selected":false,"children":null,"layers":"\/navigation\/28102\/layers","link":"\/v\/2079"},{"name":"Laurik","code":"R01F04SF12","id":"28103","type":"MARKETPLACE","picto":null,"level":3,"sellerId":"2024","slug":"laurik","selected":false,"children":null,"layers":"\/navigation\/28103\/layers","link":"\/v\/2024"},{"name":"Colorisi","code":"R01F04SF13","id":"28598","type":"MARKETPLACE","picto":null,"level":3,"sellerId":"2094","slug":"colorisi","selected":false,"children":null,"layers":"\/navigation\/28598\/layers","link":"\/v\/2094"}],"layers":"\/navigation\/28090\/layers","link":"\/r\/vendeurs-partenaires-carrefour\/routine-soin-de-la-rentree"},{"name":"Le coin des enfants","code":"R01F05","id":"28104","type":"RAYON","picto":null,"level":2,"sellerId":null,"slug":"le-coin-des-enfants","selected":false,"children":[{"name":"Home&Family","code":"R01F05SF01","id":"28105","type":"MARKETPLACE","picto":null,"level":3,"sellerId":"2059","slug":"home-family","selected":false,"children":null,"layers":"\/navigation\/28105\/layers","link":"\/v\/2059"},{"name":"Les D\u00e9lices de No\u00e9mie","code":"R01F05SF02","id":"28106","type":"MARKETPLACE","picto":null,"level":3,"sellerId":"2086","slug":"les-delices-de-noemie","selected":false,"children":null,"layers":"\/navigation\/28106\/layers","link":"\/v\/2086"},{"name":"Matatie","code":"R01F05SF03","id":"28107","type":"MARKETPLACE","picto":null,"level":3,"sellerId":"2102","slug":"matatie","selected":false,"children":null,"layers":"\/navigation\/28107\/layers","link":"\/v\/2102"},{"name":"Kricri Nature","code":"R01F05SF05","id":"28125","type":"MARKETPLACE","picto":null,"level":3,"sellerId":"2005","slug":"kricri-nature","selected":false,"children":null,"layers":"\/navigation\/28125\/layers","link":"\/v\/2005"}],"layers":"\/navigation\/28104\/layers","link":"\/r\/vendeurs-partenaires-carrefour\/le-coin-des-enfants"},{"name":"Bio & Sain","code":"R01F06","id":"28110","type":"RAYON","picto":null,"level":2,"sellerId":null,"slug":"bio-et-gourmand","selected":false,"children":[{"name":"Paranatura","code":"R01F06SF01","id":"28111","type":"MARKETPLACE","picto":null,"level":3,"sellerId":"2081","slug":"paranatura","selected":false,"children":null,"layers":"\/navigation\/28111\/layers","link":"\/v\/2081"},{"name":"Les fabuleuses","code":"R01F06SF02","id":"28600","type":"MARKETPLACE","picto":null,"level":3,"sellerId":"2043","slug":"les-fabuleuses","selected":false,"children":null,"layers":"\/navigation\/28600\/layers","link":"\/v\/2043"},{"name":"Hecosfair","code":"R01F06SF03","id":"28601","type":"MARKETPLACE","picto":null,"level":3,"sellerId":"2131","slug":"hecosfair","selected":false,"children":null,"layers":"\/navigation\/28601\/layers","link":"\/v\/2131"},{"name":"Secrets D\u00e9lices","code":"R01F06SF04","id":"28602","type":"MARKETPLACE","picto":null,"level":3,"sellerId":"2049","slug":"secrets-delices","selected":false,"children":null,"layers":"\/navigation\/28602\/layers","link":"\/v\/2049"},{"name":"Rue des plantes","code":"R01F06SF05","id":"28603","type":"MARKETPLACE","picto":null,"level":3,"sellerId":"2151","slug":"rue-plantes","selected":false,"children":null,"layers":"\/navigation\/28603\/layers","link":"\/v\/2151"},{"name":"Kusmi Tea","code":"R01F06SF06","id":"28604","type":"MARKETPLACE","picto":null,"level":3,"sellerId":"2134","slug":"kusmi-tea","selected":false,"children":null,"layers":"\/navigation\/28604\/layers","link":"\/v\/2134"},{"name":"Caf\u00e9s Charles Danican","code":"R01F06SF07","id":"28605","type":"MARKETPLACE","picto":null,"level":3,"sellerId":"2114","slug":"cafes-charles-danican","selected":false,"children":null,"layers":"\/navigation\/28605\/layers","link":"\/v\/2114"},{"name":"Origeens","code":"R01F06SF08","id":"28635","type":"MARKETPLACE","picto":null,"level":3,"sellerId":"2048","slug":"origeens","selected":false,"children":null,"layers":"\/navigation\/28635\/layers","link":"\/v\/2048"},{"name":"Gout et Nature","code":"R01F06SF09","id":"28636","type":"MARKETPLACE","picto":null,"level":3,"sellerId":"2089","slug":"gout-nature","selected":false,"children":null,"layers":"\/navigation\/28636\/layers","link":"\/v\/2089"},{"name":"Moka - Meilleures Origines Kafe Arabica","code":"R01F06SF10","id":"28637","type":"MARKETPLACE","picto":null,"level":3,"sellerId":"2099","slug":"moka","selected":false,"children":null,"layers":"\/navigation\/28637\/layers","link":"\/v\/2099"},{"name":"La boutique du fruit sec","code":"R01F06SF11","id":"28682","type":"MARKETPLACE","picto":null,"level":3,"sellerId":"2103","slug":"boutique-fruit-sec","selected":false,"children":null,"layers":"\/navigation\/28682\/layers","link":"\/v\/2103"},{"name":"Mesth\u00e9s","code":"R01F06SF12","id":"28638","type":"MARKETPLACE","picto":null,"level":3,"sellerId":"2080","slug":"mesthes","selected":false,"children":null,"layers":"\/navigation\/28638\/layers","link":"\/v\/2080"},{"name":"Bio th\u00e9s du monde","code":"R01F06SF13","id":"29009","type":"MARKETPLACE","picto":null,"level":3,"sellerId":"2230","slug":"bio-thes-du-monde","selected":false,"children":null,"layers":"\/navigation\/29009\/layers","link":"\/v\/2230"}],"layers":"\/navigation\/28110\/layers","link":"\/r\/vendeurs-partenaires-carrefour\/bio-et-gourmand"},{"name":"Produits du monde","code":"R01F07","id":"28583","type":"RAYON","picto":null,"level":2,"sellerId":null,"slug":"produits-du-monde","selected":false,"children":[{"name":"Pankaj boutique indienne","code":"R01F07SF01","id":"28584","type":"MARKETPLACE","picto":null,"level":3,"sellerId":"2028","slug":"pankaj","selected":false,"children":null,"layers":"\/navigation\/28584\/layers","link":"\/v\/2028"},{"name":"Jason's Pantry","code":"R01F07SF02","id":"28585","type":"MARKETPLACE","picto":null,"level":3,"sellerId":"2126","slug":"jason-pantry","selected":false,"children":null,"layers":"\/navigation\/28585\/layers","link":"\/v\/2126"},{"name":"Middle East Market","code":"R01F07SF03","id":"28586","type":"MARKETPLACE","picto":null,"level":3,"sellerId":"2088","slug":"middle-east-market","selected":false,"children":null,"layers":"\/navigation\/28586\/layers","link":"\/v\/2088"},{"name":"Vanille de Madagascar","code":"R01F07SF04","id":"28628","type":"MARKETPLACE","picto":null,"level":3,"sellerId":"2097","slug":"vanille-madagascar","selected":false,"children":null,"layers":"\/navigation\/28628\/layers","link":"\/v\/2097"},{"name":"Bo Style","code":"R01F07SF05","id":"28587","type":"MARKETPLACE","picto":null,"level":3,"sellerId":"2076","slug":"bo-style","selected":false,"children":null,"layers":"\/navigation\/28587\/layers","link":"\/v\/2076"},{"name":"Le Comptoir canadien","code":"R01F07SF06","id":"28588","type":"MARKETPLACE","picto":null,"level":3,"sellerId":"2001","slug":"le-comptoir-canadien","selected":false,"children":null,"layers":"\/navigation\/28588\/layers","link":"\/v\/2001"},{"name":"Cacher moins cher","code":"R01F07SF07","id":"28996","type":"MARKETPLACE","picto":null,"level":3,"sellerId":"2186","slug":"cacher-moins-cher","selected":false,"children":null,"layers":"\/navigation\/28996\/layers","link":"\/v\/2186"},{"name":"Groskash","code":"R01F07SF08","id":"28999","type":"MARKETPLACE","picto":null,"level":3,"sellerId":"2176","slug":"groskash","selected":false,"children":null,"layers":"\/navigation\/28999\/layers","link":"\/v\/2176"},{"name":"GourmandisesHalal","code":"R01F07SF09","id":"29000","type":"MARKETPLACE","picto":null,"level":3,"sellerId":"2154","slug":"gourmandiseshalal","selected":false,"children":null,"layers":"\/navigation\/29000\/layers","link":"\/v\/2154"}],"layers":"\/navigation\/28583\/layers","link":"\/r\/vendeurs-partenaires-carrefour\/produits-du-monde"},{"name":"Les sp\u00e9cialistes de nos r\u00e9gions ","code":"R01F08","id":"28082","type":"RAYON","picto":null,"level":2,"sellerId":null,"slug":"les-specialistes-de-nos-regions","selected":false,"children":[{"name":"Les Bouriettes","code":"R01F08SF01","id":"28581","type":"MARKETPLACE","picto":null,"level":3,"sellerId":"2029","slug":"les-bouriettes","selected":false,"children":null,"layers":"\/navigation\/28581\/layers","link":"\/v\/2029"},{"name":"Mon epicerie fine de Terroir","code":"R01F08SF02","id":"28084","type":"MARKETPLACE","picto":null,"level":3,"sellerId":"2026","slug":"mon-epicerie-fine-de-terroir","selected":false,"children":null,"layers":"\/navigation\/28084\/layers","link":"\/v\/2026"},{"name":"Charles Antona","code":"R01F08SF03","id":"28085","type":"MARKETPLACE","picto":null,"level":3,"sellerId":"2124","slug":"charles-antona","selected":false,"children":null,"layers":"\/navigation\/28085\/layers","link":"\/v\/2124"},{"name":"Esprit Foie Gras","code":"R01F08SF04","id":"28629","type":"MARKETPLACE","picto":null,"level":3,"sellerId":"2138","slug":"esprit-foie-gras","selected":false,"children":null,"layers":"\/navigation\/28629\/layers","link":"\/v\/2138"},{"name":"Made In France Box","code":"R01F08SF06","id":"28087","type":"MARKETPLACE","picto":null,"level":3,"sellerId":"2011","slug":"made-in-france-box","selected":false,"children":null,"layers":"\/navigation\/28087\/layers","link":"\/v\/2011"},{"name":"Regal des Sens","code":"R01F08SF07","id":"28088","type":"MARKETPLACE","picto":null,"level":3,"sellerId":"2055","slug":"regal-des-sens","selected":false,"children":null,"layers":"\/navigation\/28088\/layers","link":"\/v\/2055"},{"name":"Le Refuge de Marie-Louise","code":"R01F08SF09","id":"28630","type":"MARKETPLACE","picto":null,"level":3,"sellerId":"2115","slug":"refuge-marie-louise","selected":false,"children":null,"layers":"\/navigation\/28630\/layers","link":"\/v\/2115"},{"name":"La Cure Gourmande","code":"R01F08SF10","id":"28741","type":"MARKETPLACE","picto":null,"level":3,"sellerId":"2165","slug":"cure-gourmande","selected":false,"children":null,"layers":"\/navigation\/28741\/layers","link":"\/v\/2165"},{"name":"Conserves Parall\u00e8les","code":"R01F08SF11","id":"28633","type":"MARKETPLACE","picto":null,"level":3,"sellerId":"2133","slug":"conserves-paralleles","selected":false,"children":null,"layers":"\/navigation\/28633\/layers","link":"\/v\/2133"},{"name":"Qwehli","code":"R01F08SF12","id":"28991","type":"MARKETPLACE","picto":null,"level":3,"sellerId":"2205","slug":"qwehli","selected":false,"children":null,"layers":"\/navigation\/28991\/layers","link":"\/v\/2205"},{"name":"Tout un fromage","code":"R01F08SF13","id":"28992","type":"MARKETPLACE","picto":null,"level":3,"sellerId":"2162","slug":"tout-un-fromage","selected":false,"children":null,"layers":"\/navigation\/28992\/layers","link":"\/v\/2162"},{"name":"Les Hu\u00eetres d'Andr\u00e9","code":"R01F08SF14","id":"28995","type":"MARKETPLACE","picto":null,"level":3,"sellerId":"2241","slug":"les-huitres-andre","selected":false,"children":null,"layers":"\/navigation\/28995\/layers","link":"\/v\/2241"},{"name":"Aficionado","code":"R01F08SF15","id":"28997","type":"MARKETPLACE","picto":null,"level":3,"sellerId":"2207","slug":"aficionado","selected":false,"children":null,"layers":"\/navigation\/28997\/layers","link":"\/v\/2207"}],"layers":"\/navigation\/28082\/layers","link":"\/r\/vendeurs-partenaires-carrefour\/les-specialistes-de-nos-regions"},{"name":"Epicerie Fine","code":"R01F09","id":"28740","type":"RAYON","picto":null,"level":2,"sellerId":null,"slug":"epicerie-fine","selected":false,"children":[{"name":"Albert M\u00e9n\u00e8s","code":"R01F09SF01","id":"28631","type":"MARKETPLACE","picto":null,"level":3,"sellerId":"2144","slug":"albert-menes","selected":false,"children":null,"layers":"\/navigation\/28631\/layers","link":"\/v\/2144"},{"name":"Kasnodar Caviar","code":"R01F09SF02","id":"28632","type":"MARKETPLACE","picto":null,"level":3,"sellerId":"2137","slug":"kasnodar-caviar","selected":false,"children":null,"layers":"\/navigation\/28632\/layers","link":"\/v\/2137"},{"name":"SM Kroosties","code":"R01F09SF03","id":"28634","type":"MARKETPLACE","picto":null,"level":3,"sellerId":"2067","slug":"sm-kroosties","selected":false,"children":null,"layers":"\/navigation\/28634\/layers","link":"\/v\/2067"},{"name":"Caviar de l'Isle","code":"R01F09SF04","id":"28678","type":"MARKETPLACE","picto":null,"level":3,"sellerId":"2173","slug":"caviar-isle","selected":false,"children":null,"layers":"\/navigation\/28678\/layers","link":"\/v\/2173"},{"name":"Toilinux","code":"R01F09SF05","id":"28599","type":"MARKETPLACE","picto":null,"level":3,"sellerId":"2122","slug":"toilinux","selected":false,"children":null,"layers":"\/navigation\/28599\/layers","link":"\/v\/2122"},{"name":"Maison Ederki","code":"R01F09SF06","id":"28083","type":"MARKETPLACE","picto":null,"level":3,"sellerId":"2118","slug":"maison-ederki","selected":false,"children":null,"layers":"\/navigation\/28083\/layers","link":"\/v\/2118"},{"name":"Chevaliers d'Argouges","code":"R01F09SF07","id":"28742","type":"MARKETPLACE","picto":null,"level":3,"sellerId":"2006","slug":"chevaliers-argouges","selected":false,"children":null,"layers":"\/navigation\/28742\/layers","link":"\/v\/2006"},{"name":"Chocolaterie Dolfin","code":"R01F09SF08","id":"28743","type":"MARKETPLACE","picto":null,"level":3,"sellerId":"2062","slug":"chocolaterie-dolfin","selected":false,"children":null,"layers":"\/navigation\/28743\/layers","link":"\/v\/2062"},{"name":"Mon jardin chocolat\u00e9","code":"R01F09SF09","id":"28744","type":"MARKETPLACE","picto":null,"level":3,"sellerId":"2010","slug":"mon-jardin-chocolate","selected":false,"children":null,"layers":"\/navigation\/28744\/layers","link":"\/v\/2010"},{"name":"Tohi chocolat bio","code":"R01F09SF10","id":"28745","type":"MARKETPLACE","picto":null,"level":3,"sellerId":"2061","slug":"tohi-chocolat-bio","selected":false,"children":null,"layers":"\/navigation\/28745\/layers","link":"\/v\/2061"},{"name":"Sardines en bo\u00eetes","code":"R01F09SF11","id":"28989","type":"MARKETPLACE","picto":null,"level":3,"sellerId":"2183","slug":"sardines-en-boite","selected":false,"children":null,"layers":"\/navigation\/28989\/layers","link":"\/v\/2183"},{"name":"Kusmi Tea","code":"R01F09SF12","id":"29007","type":"MARKETPLACE","picto":null,"level":3,"sellerId":"2134","slug":"kusmi-tea","selected":false,"children":null,"layers":"\/navigation\/29007\/layers","link":"\/v\/2134"},{"name":"Nesati","code":"R01F09SF13","id":"29008","type":"MARKETPLACE","picto":null,"level":3,"sellerId":"2161","slug":"nesati","selected":false,"children":null,"layers":"\/navigation\/29008\/layers","link":"\/v\/2161"},{"name":"Make Me Nuts","code":"R01F09SF14","id":"29011","type":"MARKETPLACE","picto":null,"level":3,"sellerId":"2174","slug":"make-me-nuts","selected":false,"children":null,"layers":"\/navigation\/29011\/layers","link":"\/v\/2174"}],"layers":"\/navigation\/28740\/layers","link":"\/r\/vendeurs-partenaires-carrefour\/epicerie-fine"},{"name":"Tout pour mon animal","code":"R01F11","id":"28576","type":"RAYON","picto":null,"level":2,"sellerId":null,"slug":"tout-pour-mon-animal","selected":false,"children":[{"name":"Croquetteland","code":"R01F11SF01","id":"28577","type":"MARKETPLACE","picto":null,"level":3,"sellerId":"2014","slug":"croquetteland","selected":false,"children":null,"layers":"\/navigation\/28577\/layers","link":"\/v\/2014"},{"name":"Labelsource","code":"R01F11SF02","id":"28579","type":"MARKETPLACE","picto":null,"level":3,"sellerId":"2096","slug":"labelsource","selected":false,"children":null,"layers":"\/navigation\/28579\/layers","link":"\/v\/2096"},{"name":"Catapart","code":"R01F11SF04","id":"28580","type":"MARKETPLACE","picto":null,"level":3,"sellerId":"2148","slug":"catapart","selected":false,"children":null,"layers":"\/navigation\/28580\/layers","link":"\/v\/2148"},{"name":"Animalerie Montpellier","code":"R01F11SF05","id":"29010","type":"MARKETPLACE","picto":null,"level":3,"sellerId":"2146","slug":"animalerie-montpellier","selected":false,"children":null,"layers":"\/navigation\/29010\/layers","link":"\/v\/2146"}],"layers":"\/navigation\/28576\/layers","link":"\/r\/vendeurs-partenaires-carrefour\/tout-pour-mon-animal"},{"name":"Softs & Brasserie","code":"R01F12","id":"28589","type":"RAYON","picto":null,"level":2,"sellerId":null,"slug":"cave-a-softs","selected":false,"children":[{"name":"Appie","code":"R01F12SF02","id":"28591","type":"MARKETPLACE","picto":null,"level":3,"sellerId":"2072","slug":"appie","selected":false,"children":null,"layers":"\/navigation\/28591\/layers","link":"\/v\/2072"},{"name":"Dietox","code":"R01F12SF03","id":"28592","type":"MARKETPLACE","picto":null,"level":3,"sellerId":"2068","slug":"dietox","selected":false,"children":null,"layers":"\/navigation\/28592\/layers","link":"\/v\/2068"}],"layers":"\/navigation\/28589\/layers","link":"\/r\/vendeurs-partenaires-carrefour\/cave-a-softs"},{"name":"La cave","code":"R01F13","id":"28077","type":"RAYON","picto":null,"level":2,"sellerId":null,"slug":"la-rentree-des-grands-vins","selected":false,"children":[{"name":"Lavinia","code":"R01F13SF01","id":"28078","type":"MARKETPLACE","picto":null,"level":3,"sellerId":"2063","slug":"lavinia","selected":false,"children":null,"layers":"\/navigation\/28078\/layers","link":"\/v\/2063"},{"name":"Cavagogo","code":"R01F13SF02","id":"28079","type":"MARKETPLACE","picto":null,"level":3,"sellerId":"2069","slug":"cavagogo","selected":false,"children":null,"layers":"\/navigation\/28079\/layers","link":"\/v\/2069"},{"name":"1 histoire de vin","code":"R01F13SF04","id":"28080","type":"MARKETPLACE","picto":null,"level":3,"sellerId":"2027","slug":"1-histoire-de-vin","selected":false,"children":null,"layers":"\/navigation\/28080\/layers","link":"\/v\/2027"},{"name":"La Cave \u00e0 Spiritueux","code":"R01F13SF05","id":"28679","type":"MARKETPLACE","picto":null,"level":3,"sellerId":"2107","slug":"cave-spiriteux","selected":false,"children":null,"layers":"\/navigation\/28679\/layers","link":"\/v\/2107"},{"name":"La Route des Rhums","code":"R01F13SF06","id":"28680","type":"MARKETPLACE","picto":null,"level":3,"sellerId":"2160","slug":"cave-rhums","selected":false,"children":null,"layers":"\/navigation\/28680\/layers","link":"\/v\/2160"},{"name":"Le Vin Emoi","code":"R01F13SF07","id":"28803","type":"MARKETPLACE","picto":null,"level":3,"sellerId":"2172","slug":"le-vin-emoi","selected":false,"children":null,"layers":"\/navigation\/28803\/layers","link":"\/v\/2172"},{"name":"We Love Bubbles","code":"R01F13SF08","id":"28804","type":"MARKETPLACE","picto":null,"level":3,"sellerId":"2143","slug":"we-love-bubbles","selected":false,"children":null,"layers":"\/navigation\/28804\/layers","link":"\/v\/2143"},{"name":"Ch\u00e2teau la Capelle","code":"R01F13SF09","id":"28990","type":"MARKETPLACE","picto":null,"level":3,"sellerId":"2213","slug":"chateau-la-capelle","selected":false,"children":null,"layers":"\/navigation\/28990\/layers","link":"\/v\/2213"},{"name":"Ch\u00e2teau Corbiac P\u00e9charmant","code":"R01F13SF10","id":"28998","type":"MARKETPLACE","picto":null,"level":3,"sellerId":"2195","slug":"chateau-corbiac-pecharmant","selected":false,"children":null,"layers":"\/navigation\/28998\/layers","link":"\/v\/2195"}],"layers":"\/navigation\/28077\/layers","link":"\/r\/vendeurs-partenaires-carrefour\/la-rentree-des-grands-vins"}],"layers":"\/navigation\/27992\/layers","link":"\/r\/vendeurs-partenaires-carrefour"},{"name":"Bio et Ecologie","code":"R02","id":"1838","type":"RAYON","picto":"https:\/\/media.carrefour.fr\/medias\/5f3d0dc998fd3a20831086a36082fd36\/p_96x96\/1838.jpg","level":1,"sellerId":null,"slug":"bio-et-ecologie","selected":false,"children":[{"name":"Bio \u00e0 petit prix","code":"R02F01","id":"28692","type":"RAYON","picto":null,"level":2,"sellerId":null,"slug":"bio-petit-prix","selected":false,"children":[{"name":"Fruits et l\u00e9gumes","code":"R02F01SF01","id":"28701","type":"RAYON","picto":null,"level":3,"sellerId":null,"slug":"fruits-et-legumes","selected":false,"children":null,"layers":"\/navigation\/28701\/layers","link":"\/r\/bio-et-ecologie\/bio-petit-prix\/fruits-et-legumes"},{"name":"Frais et Surgel\u00e9s","code":"R02F01SF02","id":"28704","type":"RAYON","picto":null,"level":3,"sellerId":null,"slug":"frais-surgeles","selected":false,"children":null,"layers":"\/navigation\/28704\/layers","link":"\/r\/bio-et-ecologie\/bio-petit-prix\/frais-surgeles"},{"name":"Boulangerie et Viennoiserie","code":"R02F01SF03","id":"28702","type":"RAYON","picto":null,"level":3,"sellerId":null,"slug":"boulangerie-viennoiserie","selected":false,"children":null,"layers":"\/navigation\/28702\/layers","link":"\/r\/bio-et-ecologie\/bio-petit-prix\/boulangerie-viennoiserie"},{"name":"Epicerie sucr\u00e9e","code":"R02F01SF04","id":"28695","type":"RAYON","picto":null,"level":3,"sellerId":null,"slug":"epicerie-sucree","selected":false,"children":null,"layers":"\/navigation\/28695\/layers","link":"\/r\/bio-et-ecologie\/bio-petit-prix\/epicerie-sucree"},{"name":"Epicerie sal\u00e9e","code":"R02F01SF05","id":"28696","type":"RAYON","picto":null,"level":3,"sellerId":null,"slug":"epicerie-salee","selected":false,"children":null,"layers":"\/navigation\/28696\/layers","link":"\/r\/bio-et-ecologie\/bio-petit-prix\/epicerie-salee"},{"name":"Boissons","code":"R02F01SF06","id":"28697","type":"RAYON","picto":null,"level":3,"sellerId":null,"slug":"boissons","selected":false,"children":null,"layers":"\/navigation\/28697\/layers","link":"\/r\/bio-et-ecologie\/bio-petit-prix\/boissons"},{"name":"B\u00e9b\u00e9","code":"R02F01SF07","id":"28698","type":"RAYON","picto":null,"level":3,"sellerId":null,"slug":"bebe","selected":false,"children":null,"layers":"\/navigation\/28698\/layers","link":"\/r\/bio-et-ecologie\/bio-petit-prix\/bebe"},{"name":"Hygi\u00e8ne beaut\u00e9","code":"R02F01SF08","id":"28699","type":"RAYON","picto":null,"level":3,"sellerId":null,"slug":"hygiene-beaute","selected":false,"children":null,"layers":"\/navigation\/28699\/layers","link":"\/r\/bio-et-ecologie\/bio-petit-prix\/hygiene-beaute"},{"name":"Animaux","code":"R02F01SF09","id":"28700","type":"RAYON","picto":null,"level":3,"sellerId":null,"slug":"animaux","selected":false,"children":null,"layers":"\/navigation\/28700\/layers","link":"\/r\/bio-et-ecologie\/bio-petit-prix\/animaux"}],"layers":"\/navigation\/28692\/layers","link":"\/r\/bio-et-ecologie\/bio-petit-prix"},{"name":"Le March\u00e9","code":"R02F02","id":"1839","type":"RAYON","picto":"https:\/\/media.carrefour.fr\/medias\/5e277a36a54836b4b0c8adf878eb7fe8\/p_96x96\/1839.jpg","level":2,"sellerId":null,"slug":"le-marche","selected":false,"children":[{"name":"L\u00e9gumes et Fruits","code":"R02F02SF01","id":"1840","type":"RAYON","picto":null,"level":3,"sellerId":null,"slug":"legumes-et-fruits","selected":false,"children":null,"layers":"\/navigation\/1840\/layers","link":"\/r\/bio-et-ecologie\/le-marche\/legumes-et-fruits"},{"name":"L\u00e9gumes secs et Fruits secs","code":"R02F02SF02","id":"1841","type":"RAYON","picto":null,"level":3,"sellerId":null,"slug":"legumes-secs-et-fruits-secs","selected":false,"children":null,"layers":"\/navigation\/1841\/layers","link":"\/r\/bio-et-ecologie\/le-marche\/legumes-secs-et-fruits-secs"},{"name":"Boucherie et Poissonnerie","code":"R02F02SF03","id":"1842","type":"RAYON","picto":null,"level":3,"sellerId":null,"slug":"boucherie-et-poissonnerie","selected":false,"children":null,"layers":"\/navigation\/1842\/layers","link":"\/r\/bio-et-ecologie\/le-marche\/boucherie-et-poissonnerie"},{"name":"Boulangerie et Viennoiserie","code":"R02F02SF04","id":"1843","type":"RAYON","picto":null,"level":3,"sellerId":null,"slug":"boulangerie-et-viennoiserie","selected":false,"children":null,"layers":"\/navigation\/1843\/layers","link":"\/r\/bio-et-ecologie\/le-marche\/boulangerie-et-viennoiserie"}],"layers":"\/navigation\/1839\/layers","link":"\/r\/bio-et-ecologie\/le-marche"},{"name":"Cr\u00e8merie","code":"R02F03","id":"1844","type":"RAYON","picto":"https:\/\/media.carrefour.fr\/medias\/4765a6d4738a3f338415834e97a9ac57\/p_96x96\/1844.jpg","level":2,"sellerId":null,"slug":"cremerie","selected":false,"children":[{"name":"Lait et Oeufs","code":"R02F03SF01","id":"1845","type":"RAYON","picto":null,"level":3,"sellerId":null,"slug":"lait-et-oeufs","selected":false,"children":null,"layers":"\/navigation\/1845\/layers","link":"\/r\/bio-et-ecologie\/cremerie\/lait-et-oeufs"},{"name":"Beurres et Cr\u00e8mes","code":"R02F03SF02","id":"1846","type":"RAYON","picto":null,"level":3,"sellerId":null,"slug":"beurre-et-creme","selected":false,"children":null,"layers":"\/navigation\/1846\/layers","link":"\/r\/bio-et-ecologie\/cremerie\/beurre-et-creme"},{"name":"Fromages","code":"R02F03SF03","id":"1847","type":"RAYON","picto":null,"level":3,"sellerId":null,"slug":"fromage","selected":false,"children":null,"layers":"\/navigation\/1847\/layers","link":"\/r\/bio-et-ecologie\/cremerie\/fromage"},{"name":"Yaourts et Desserts","code":"R02F03SF04","id":"1848","type":"RAYON","picto":null,"level":3,"sellerId":null,"slug":"yaourts-et-desserts","selected":false,"children":null,"layers":"\/navigation\/1848\/layers","link":"\/r\/bio-et-ecologie\/cremerie\/yaourts-et-desserts"}],"layers":"\/navigation\/1844\/layers","link":"\/r\/bio-et-ecologie\/cremerie"},{"name":"Frais et Surgel\u00e9s","code":"R02F04","id":"1849","type":"RAYON","picto":"https:\/\/media.carrefour.fr\/medias\/29ba769b1e133926b3d6d1e30b762224\/p_96x96\/1849.jpg","level":2,"sellerId":null,"slug":"frais-et-surgeles","selected":false,"children":[{"name":"Charcuterie bio","code":"R02F04SF01","id":"1851","type":"RAYON","picto":null,"level":3,"sellerId":null,"slug":"charcuterie-bio","selected":false,"children":null,"layers":"\/navigation\/1851\/layers","link":"\/r\/bio-et-ecologie\/frais-et-surgeles\/charcuterie-bio"},{"name":"Traiteur bio","code":"R02F04SF02","id":"1850","type":"RAYON","picto":null,"level":3,"sellerId":null,"slug":"traiteur-bio","selected":false,"children":null,"layers":"\/navigation\/1850\/layers","link":"\/r\/bio-et-ecologie\/frais-et-surgeles\/traiteur-bio"},{"name":"Surgel\u00e9s bio","code":"R02F04SF03","id":"1852","type":"RAYON","picto":null,"level":3,"sellerId":null,"slug":"surgeles-bio","selected":false,"children":null,"layers":"\/navigation\/1852\/layers","link":"\/r\/bio-et-ecologie\/frais-et-surgeles\/surgeles-bio"}],"layers":"\/navigation\/1849\/layers","link":"\/r\/bio-et-ecologie\/frais-et-surgeles"},{"name":"Epicerie Sal\u00e9e","code":"R02F05","id":"1853","type":"RAYON","picto":"https:\/\/media.carrefour.fr\/medias\/5d768f60ee7e3933afc3eebf2bd8cfe8\/p_96x96\/1853.jpg","level":2,"sellerId":null,"slug":"epicerie-salee","selected":false,"children":[{"name":"Soupes et Potages","code":"R02F05SF01","id":"1855","type":"RAYON","picto":null,"level":3,"sellerId":null,"slug":"soupes-et-potages","selected":false,"children":null,"layers":"\/navigation\/1855\/layers","link":"\/r\/bio-et-ecologie\/epicerie-salee\/soupes-et-potages"},{"name":"Conserves et Plats cuisin\u00e9s","code":"R02F05SF02","id":"1858","type":"RAYON","picto":null,"level":3,"sellerId":null,"slug":"conserves-et-plats-cuisines","selected":false,"children":null,"layers":"\/navigation\/1858\/layers","link":"\/r\/bio-et-ecologie\/epicerie-salee\/conserves-et-plats-cuisines"},{"name":"P\u00e2tes, Riz et F\u00e9culents","code":"R02F05SF03","id":"1856","type":"RAYON","picto":null,"level":3,"sellerId":null,"slug":"pates-riz-et-feculents","selected":false,"children":null,"layers":"\/navigation\/1856\/layers","link":"\/r\/bio-et-ecologie\/epicerie-salee\/pates-riz-et-feculents"},{"name":"Ap\u00e9ritifs","code":"R02F05SF04","id":"1854","type":"RAYON","picto":null,"level":3,"sellerId":null,"slug":"aperitif","selected":false,"children":null,"layers":"\/navigation\/1854\/layers","link":"\/r\/bio-et-ecologie\/epicerie-salee\/aperitif"},{"name":"Sauces et Condiments","code":"R02F05SF05","id":"1857","type":"RAYON","picto":null,"level":3,"sellerId":null,"slug":"sauces-et-condiments","selected":false,"children":null,"layers":"\/navigation\/1857\/layers","link":"\/r\/bio-et-ecologie\/epicerie-salee\/sauces-et-condiments"}],"layers":"\/navigation\/1853\/layers","link":"\/r\/bio-et-ecologie\/epicerie-salee"},{"name":"Epicerie sucr\u00e9e","code":"R02F06","id":"1859","type":"RAYON","picto":"https:\/\/media.carrefour.fr\/medias\/c825d8213dd43c1283b5d45fca6968ca\/p_96x96\/1859.jpg","level":2,"sellerId":null,"slug":"epicerie-sucree","selected":false,"children":[{"name":"Petit d\u00e9jeuner bio","code":"R02F06SF01","id":"1860","type":"RAYON","picto":null,"level":3,"sellerId":null,"slug":"petit-dejeuner-bio","selected":false,"children":null,"layers":"\/navigation\/1860\/layers","link":"\/r\/bio-et-ecologie\/epicerie-sucree\/petit-dejeuner-bio"},{"name":"Galettes de riz et Pains","code":"R02F06SF02","id":"1861","type":"RAYON","picto":null,"level":3,"sellerId":null,"slug":"galettes-de-riz-et-pains","selected":false,"children":null,"layers":"\/navigation\/1861\/layers","link":"\/r\/bio-et-ecologie\/epicerie-sucree\/galettes-de-riz-et-pains"},{"name":"Th\u00e9s, Caf\u00e9s et Infusions","code":"R02F06SF03","id":"1862","type":"RAYON","picto":null,"level":3,"sellerId":null,"slug":"thes-cafes-et-infusions","selected":false,"children":null,"layers":"\/navigation\/1862\/layers","link":"\/r\/bio-et-ecologie\/epicerie-sucree\/thes-cafes-et-infusions"},{"name":"Gouters, Biscuits et Chocolat","code":"R02F06SF04","id":"1863","type":"RAYON","picto":null,"level":3,"sellerId":null,"slug":"gouters-biscuits-et-chocolat","selected":false,"children":null,"layers":"\/navigation\/1863\/layers","link":"\/r\/bio-et-ecologie\/epicerie-sucree\/gouters-biscuits-et-chocolat"},{"name":"Desserts, Sucres et Farines","code":"R02F06SF05","id":"1864","type":"RAYON","picto":null,"level":3,"sellerId":null,"slug":"desserts-sucres-et-farines","selected":false,"children":null,"layers":"\/navigation\/1864\/layers","link":"\/r\/bio-et-ecologie\/epicerie-sucree\/desserts-sucres-et-farines"},{"name":"Compl\u00e9ments alimentaires","code":"R02F06SF06","id":"26855","type":"RAYON","picto":null,"level":3,"sellerId":null,"slug":"complements-alimentaires","selected":false,"children":null,"layers":"\/navigation\/26855\/layers","link":"\/r\/bio-et-ecologie\/epicerie-sucree\/complements-alimentaires"}],"layers":"\/navigation\/1859\/layers","link":"\/r\/bio-et-ecologie\/epicerie-sucree"},{"name":"Boissons","code":"R02F07","id":"1865","type":"RAYON","picto":"https:\/\/media.carrefour.fr\/medias\/8fea9c8ea7423541884d7ac8d5a007de\/p_96x96\/1865.jpg","level":2,"sellerId":null,"slug":"boissons","selected":false,"children":[{"name":"Vins, Cidres et Bi\u00e8res","code":"R02F07SF01","id":"1869","type":"RAYON","picto":null,"level":3,"sellerId":null,"slug":"vins-cidres-et-bieres","selected":false,"children":null,"layers":"\/navigation\/1869\/layers","link":"\/r\/bio-et-ecologie\/boissons\/vins-cidres-et-bieres"},{"name":"Jus de fruits","code":"R02F07SF02","id":"1866","type":"RAYON","picto":null,"level":3,"sellerId":null,"slug":"jus-de-fruits","selected":false,"children":null,"layers":"\/navigation\/1866\/layers","link":"\/r\/bio-et-ecologie\/boissons\/jus-de-fruits"},{"name":"Sodas, Th\u00e9s glac\u00e9s et Sirops","code":"R02F07SF03","id":"1867","type":"RAYON","picto":null,"level":3,"sellerId":null,"slug":"sodas-thes-glaces-et-sirops","selected":false,"children":null,"layers":"\/navigation\/1867\/layers","link":"\/r\/bio-et-ecologie\/boissons\/sodas-thes-glaces-et-sirops"},{"name":"Soja et Boissons v\u00e9g\u00e9tales","code":"R02F07SF04","id":"1868","type":"RAYON","picto":null,"level":3,"sellerId":null,"slug":"soja-et-boissons-vegetales","selected":false,"children":null,"layers":"\/navigation\/1868\/layers","link":"\/r\/bio-et-ecologie\/boissons\/soja-et-boissons-vegetales"}],"layers":"\/navigation\/1865\/layers","link":"\/r\/bio-et-ecologie\/boissons"},{"name":"B\u00e9b\u00e9","code":"R02F08","id":"1870","type":"RAYON","picto":"https:\/\/media.carrefour.fr\/medias\/acb3ecdbde2c35bba44afb490a3f6e9b\/p_96x96\/1870.jpg","level":2,"sellerId":null,"slug":"bebe","selected":false,"children":[{"name":"C\u00e9r\u00e9ales et Laits","code":"R02F08SF01","id":"1871","type":"RAYON","picto":null,"level":3,"sellerId":null,"slug":"cereales-et-laits","selected":false,"children":null,"layers":"\/navigation\/1871\/layers","link":"\/r\/bio-et-ecologie\/bebe\/cereales-et-laits"},{"name":"Repas b\u00e9b\u00e9","code":"R02F08SF02","id":"1872","type":"RAYON","picto":null,"level":3,"sellerId":null,"slug":"repas-bebe","selected":false,"children":null,"layers":"\/navigation\/1872\/layers","link":"\/r\/bio-et-ecologie\/bebe\/repas-bebe"},{"name":"Go\u00fbters et Desserts","code":"R02F08SF03","id":"1873","type":"RAYON","picto":null,"level":3,"sellerId":null,"slug":"gouters-et-desserts","selected":false,"children":null,"layers":"\/navigation\/1873\/layers","link":"\/r\/bio-et-ecologie\/bebe\/gouters-et-desserts"},{"name":"Pu\u00e9riculture et Hygi\u00e8ne","code":"R02F08SF04","id":"1874","type":"RAYON","picto":null,"level":3,"sellerId":null,"slug":"puericulture-et-hygiene","selected":false,"children":null,"layers":"\/navigation\/1874\/layers","link":"\/r\/bio-et-ecologie\/bebe\/puericulture-et-hygiene"}],"layers":"\/navigation\/1870\/layers","link":"\/r\/bio-et-ecologie\/bebe"},{"name":"Hygi\u00e8ne beaut\u00e9","code":"R02F09","id":"1875","type":"RAYON","picto":"https:\/\/media.carrefour.fr\/medias\/5706e478c9ea3e8aa512ce39a96feaea\/p_96x96\/1875.jpg","level":2,"sellerId":null,"slug":"hygiene-beaute","selected":false,"children":[{"name":"Soins corps","code":"R02F09SF01","id":"1876","type":"RAYON","picto":null,"level":3,"sellerId":null,"slug":"soins-corps","selected":false,"children":null,"layers":"\/navigation\/1876\/layers","link":"\/r\/bio-et-ecologie\/hygiene-beaute\/soins-corps"},{"name":"Soins visage","code":"R02F09SF02","id":"1877","type":"RAYON","picto":null,"level":3,"sellerId":null,"slug":"soins-visage","selected":false,"children":null,"layers":"\/navigation\/1877\/layers","link":"\/r\/bio-et-ecologie\/hygiene-beaute\/soins-visage"},{"name":"Soins cheveux","code":"R02F09SF03","id":"1878","type":"RAYON","picto":null,"level":3,"sellerId":null,"slug":"soins-cheveux","selected":false,"children":null,"layers":"\/navigation\/1878\/layers","link":"\/r\/bio-et-ecologie\/hygiene-beaute\/soins-cheveux"},{"name":"Huiles essentielles","code":"R02F09SF04","id":"1879","type":"RAYON","picto":null,"level":3,"sellerId":null,"slug":"huiles-essentielles","selected":false,"children":null,"layers":"\/navigation\/1879\/layers","link":"\/r\/bio-et-ecologie\/hygiene-beaute\/huiles-essentielles"}],"layers":"\/navigation\/1875\/layers","link":"\/r\/bio-et-ecologie\/hygiene-beaute"},{"name":"Produits m\u00e9nagers \u00e9cologiques","code":"R02F10","id":"1880","type":"RAYON","picto":"https:\/\/media.carrefour.fr\/medias\/ba74e049e6d1322bab6bfd7600b7ca77\/p_96x96\/1880.jpg","level":2,"sellerId":null,"slug":"produits-menagers-ecologiques","selected":false,"children":null,"layers":"\/navigation\/1880\/layers","link":"\/r\/bio-et-ecologie\/produits-menagers-ecologiques"},{"name":"Animaux","code":"R02F11","id":"1881","type":"RAYON","picto":"https:\/\/media.carrefour.fr\/medias\/9e88c4e8cdd435e49d97ad10868f4f26\/p_96x96\/1881.jpg","level":2,"sellerId":null,"slug":"animaux","selected":false,"children":null,"layers":"\/navigation\/1881\/layers","link":"\/r\/bio-et-ecologie\/animaux"}],"layers":"\/navigation\/1838\/layers","link":"\/r\/bio-et-ecologie"},{"name":"Fruits et L\u00e9gumes","code":"R03","id":"1882","type":"RAYON","picto":"https:\/\/media.carrefour.fr\/medias\/185e7fe99d4a39b5a6cca9e806324d3d\/p_96x96\/1882.jpg","level":1,"sellerId":null,"slug":"fruits-et-legumes","selected":false,"children":[{"name":"Fruits","code":"R03F01","id":"1883","type":"RAYON","picto":"https:\/\/media.carrefour.fr\/medias\/402b7e434a63351884a5f3c686a59f96\/p_96x96\/1883.jpg","level":2,"sellerId":null,"slug":"fruits","selected":false,"children":[{"name":"Fruits de saison","code":"R03F01SF01","id":"1884","type":"RAYON","picto":null,"level":3,"sellerId":null,"slug":"fruits-de-saison","selected":false,"children":null,"layers":"\/navigation\/1884\/layers","link":"\/r\/fruits-et-legumes\/fruits\/fruits-de-saison"},{"name":"Pommes, Poires et Raisins","code":"R03F01SF02","id":"28489","type":"RAYON","picto":null,"level":3,"sellerId":null,"slug":"pommes-poires-et-raisins","selected":false,"children":[{"name":"Pommes","code":"R03F01SF02SS01","id":"28490","type":"RAYON","picto":null,"level":4,"sellerId":null,"slug":"pommes","selected":false,"children":null,"layers":"\/navigation\/28490\/layers","link":"\/r\/fruits-et-legumes\/fruits\/pommes-poires-et-raisins\/pommes"},{"name":"Poires","code":"R03F01SF02SS02","id":"28491","type":"RAYON","picto":null,"level":4,"sellerId":null,"slug":"poires","selected":false,"children":null,"layers":"\/navigation\/28491\/layers","link":"\/r\/fruits-et-legumes\/fruits\/pommes-poires-et-raisins\/poires"},{"name":"Raisins","code":"R03F01SF02SS03","id":"28492","type":"RAYON","picto":null,"level":4,"sellerId":null,"slug":"raisins","selected":false,"children":null,"layers":"\/navigation\/28492\/layers","link":"\/r\/fruits-et-legumes\/fruits\/pommes-poires-et-raisins\/raisins"}],"layers":"\/navigation\/28489\/layers","link":"\/r\/fruits-et-legumes\/fruits\/pommes-poires-et-raisins"},{"name":"Agrumes","code":"R03F01SF03","id":"28493","type":"RAYON","picto":null,"level":3,"sellerId":null,"slug":"agrumes","selected":false,"children":[{"name":"Oranges","code":"R03F01SF03SS01","id":"28494","type":"RAYON","picto":null,"level":4,"sellerId":null,"slug":"oranges","selected":false,"children":null,"layers":"\/navigation\/28494\/layers","link":"\/r\/fruits-et-legumes\/fruits\/agrumes\/oranges"},{"name":"Pamplemousses","code":"R03F01SF03SS02","id":"28495","type":"RAYON","picto":null,"level":4,"sellerId":null,"slug":"pamplemousses","selected":false,"children":null,"layers":"\/navigation\/28495\/layers","link":"\/r\/fruits-et-legumes\/fruits\/agrumes\/pamplemousses"},{"name":"Cl\u00e9mentines","code":"R03F01SF03SS03","id":"28496","type":"RAYON","picto":null,"level":4,"sellerId":null,"slug":"clementines","selected":false,"children":null,"layers":"\/navigation\/28496\/layers","link":"\/r\/fruits-et-legumes\/fruits\/agrumes\/clementines"},{"name":"Citrons","code":"R03F01SF03SS04","id":"28497","type":"RAYON","picto":null,"level":4,"sellerId":null,"slug":"citrons","selected":false,"children":null,"layers":"\/navigation\/28497\/layers","link":"\/r\/fruits-et-legumes\/fruits\/agrumes\/citrons"}],"layers":"\/navigation\/28493\/layers","link":"\/r\/fruits-et-legumes\/fruits\/agrumes"},{"name":"Bananes et Kiwis","code":"R03F01SF04","id":"28480","type":"RAYON","picto":null,"level":3,"sellerId":null,"slug":"bananes-et-kiwis","selected":false,"children":[{"name":"Bananes","code":"R03F01SF04SS01","id":"28481","type":"RAYON","picto":null,"level":4,"sellerId":null,"slug":"bananes","selected":false,"children":null,"layers":"\/navigation\/28481\/layers","link":"\/r\/fruits-et-legumes\/fruits\/bananes-et-kiwis\/bananes"},{"name":"Kiwis","code":"R03F01SF04SS02","id":"28482","type":"RAYON","picto":null,"level":4,"sellerId":null,"slug":"kiwis","selected":false,"children":null,"layers":"\/navigation\/28482\/layers","link":"\/r\/fruits-et-legumes\/fruits\/bananes-et-kiwis\/kiwis"}],"layers":"\/navigation\/28480\/layers","link":"\/r\/fruits-et-legumes\/fruits\/bananes-et-kiwis"},{"name":"Fruits exotiques","code":"R03F01SF05","id":"28483","type":"RAYON","picto":null,"level":3,"sellerId":null,"slug":"fruits-exotiques","selected":false,"children":[{"name":"Ananas","code":"R03F01SF05SS01","id":"28484","type":"RAYON","picto":null,"level":4,"sellerId":null,"slug":"ananas","selected":false,"children":null,"layers":"\/navigation\/28484\/layers","link":"\/r\/fruits-et-legumes\/fruits\/fruits-exotiques\/ananas"},{"name":"Mangues","code":"R03F01SF05SS02","id":"28485","type":"RAYON","picto":null,"level":4,"sellerId":null,"slug":"mangues","selected":false,"children":null,"layers":"\/navigation\/28485\/layers","link":"\/r\/fruits-et-legumes\/fruits\/fruits-exotiques\/mangues"},{"name":"Litchis","code":"R03F01SF05SS03","id":"28486","type":"RAYON","picto":null,"level":4,"sellerId":null,"slug":"litchis","selected":false,"children":null,"layers":"\/navigation\/28486\/layers","link":"\/r\/fruits-et-legumes\/fruits\/fruits-exotiques\/litchis"},{"name":"Grenades","code":"R03F01SF05SS04","id":"28487","type":"RAYON","picto":null,"level":4,"sellerId":null,"slug":"grenades","selected":false,"children":null,"layers":"\/navigation\/28487\/layers","link":"\/r\/fruits-et-legumes\/fruits\/fruits-exotiques\/grenades"},{"name":"Autres fruits exotiques","code":"R03F01SF05SS05","id":"28488","type":"RAYON","picto":null,"level":4,"sellerId":null,"slug":"autres-fruits-exotiques","selected":false,"children":null,"layers":"\/navigation\/28488\/layers","link":"\/r\/fruits-et-legumes\/fruits\/fruits-exotiques\/autres-fruits-exotiques"}],"layers":"\/navigation\/28483\/layers","link":"\/r\/fruits-et-legumes\/fruits\/fruits-exotiques"},{"name":"Fruits rouges","code":"R03F01SF06","id":"28473","type":"RAYON","picto":null,"level":3,"sellerId":null,"slug":"fruits-rouges","selected":false,"children":[{"name":"Fraises","code":"R03F01SF06SS01","id":"28474","type":"RAYON","picto":null,"level":4,"sellerId":null,"slug":"fraises","selected":false,"children":null,"layers":"\/navigation\/28474\/layers","link":"\/r\/fruits-et-legumes\/fruits\/fruits-rouges\/fraises"},{"name":"Framboises","code":"R03F01SF06SS02","id":"28475","type":"RAYON","picto":null,"level":4,"sellerId":null,"slug":"framboises","selected":false,"children":null,"layers":"\/navigation\/28475\/layers","link":"\/r\/fruits-et-legumes\/fruits\/fruits-rouges\/framboises"},{"name":"Cerises","code":"R03F01SF06SS03","id":"28476","type":"RAYON","picto":null,"level":4,"sellerId":null,"slug":"cerises","selected":false,"children":null,"layers":"\/navigation\/28476\/layers","link":"\/r\/fruits-et-legumes\/fruits\/fruits-rouges\/cerises"},{"name":"Figues","code":"R03F01SF06SS04","id":"28477","type":"RAYON","picto":null,"level":4,"sellerId":null,"slug":"figues","selected":false,"children":null,"layers":"\/navigation\/28477\/layers","link":"\/r\/fruits-et-legumes\/fruits\/fruits-rouges\/figues"},{"name":"Myrtilles","code":"R03F01SF06SS05","id":"28478","type":"RAYON","picto":null,"level":4,"sellerId":null,"slug":"myrtilles","selected":false,"children":null,"layers":"\/navigation\/28478\/layers","link":"\/r\/fruits-et-legumes\/fruits\/fruits-rouges\/myrtilles"},{"name":"Groseilles","code":"R03F01SF06SS06","id":"28479","type":"RAYON","picto":null,"level":4,"sellerId":null,"slug":"groseilles","selected":false,"children":null,"layers":"\/navigation\/28479\/layers","link":"\/r\/fruits-et-legumes\/fruits\/fruits-rouges\/groseilles"},{"name":"M\u00fbres","code":"R03F01SF06SS07","id":"28558","type":"RAYON","picto":null,"level":4,"sellerId":null,"slug":"mures","selected":false,"children":null,"layers":"\/navigation\/28558\/layers","link":"\/r\/fruits-et-legumes\/fruits\/fruits-rouges\/mures"}],"layers":"\/navigation\/28473\/layers","link":"\/r\/fruits-et-legumes\/fruits\/fruits-rouges"},{"name":"Prunes, P\u00eaches, Nectarines, Abricots","code":"R03F01SF07","id":"28465","type":"RAYON","picto":null,"level":3,"sellerId":null,"slug":"prunes-peches-nectarines-abricots","selected":false,"children":[{"name":"Prunes","code":"R03F01SF07SS01","id":"28466","type":"RAYON","picto":null,"level":4,"sellerId":null,"slug":"prunes","selected":false,"children":null,"layers":"\/navigation\/28466\/layers","link":"\/r\/fruits-et-legumes\/fruits\/prunes-peches-nectarines-abricots\/prunes"},{"name":"Abricots","code":"R03F01SF07SS02","id":"28467","type":"RAYON","picto":null,"level":4,"sellerId":null,"slug":"abricots","selected":false,"children":null,"layers":"\/navigation\/28467\/layers","link":"\/r\/fruits-et-legumes\/fruits\/prunes-peches-nectarines-abricots\/abricots"},{"name":"P\u00eaches","code":"R03F01SF07SS03","id":"28468","type":"RAYON","picto":null,"level":4,"sellerId":null,"slug":"peches","selected":false,"children":null,"layers":"\/navigation\/28468\/layers","link":"\/r\/fruits-et-legumes\/fruits\/prunes-peches-nectarines-abricots\/peches"},{"name":"Nectarines","code":"R03F01SF07SS04","id":"28469","type":"RAYON","picto":null,"level":4,"sellerId":null,"slug":"nectarines","selected":false,"children":null,"layers":"\/navigation\/28469\/layers","link":"\/r\/fruits-et-legumes\/fruits\/prunes-peches-nectarines-abricots\/nectarines"}],"layers":"\/navigation\/28465\/layers","link":"\/r\/fruits-et-legumes\/fruits\/prunes-peches-nectarines-abricots"},{"name":"Melons et Past\u00e8ques","code":"R03F01SF08","id":"28470","type":"RAYON","picto":null,"level":3,"sellerId":null,"slug":"melons-et-pasteques","selected":false,"children":[{"name":"Melons","code":"R03F01SF08SS01","id":"28471","type":"RAYON","picto":null,"level":4,"sellerId":null,"slug":"melons","selected":false,"children":null,"layers":"\/navigation\/28471\/layers","link":"\/r\/fruits-et-legumes\/fruits\/melons-et-pasteques\/melons"},{"name":"Past\u00e8ques","code":"R03F01SF08SS02","id":"28472","type":"RAYON","picto":null,"level":4,"sellerId":null,"slug":"pasteques","selected":false,"children":null,"layers":"\/navigation\/28472\/layers","link":"\/r\/fruits-et-legumes\/fruits\/melons-et-pasteques\/pasteques"}],"layers":"\/navigation\/28470\/layers","link":"\/r\/fruits-et-legumes\/fruits\/melons-et-pasteques"}],"layers":"\/navigation\/1883\/layers","link":"\/r\/fruits-et-legumes\/fruits"},{"name":"L\u00e9gumes","code":"R03F02","id":"1892","type":"RAYON","picto":"https:\/\/media.carrefour.fr\/medias\/bae3a9a0f7f03973bb40a39de2c8fd0c\/p_96x96\/1892.jpg","level":2,"sellerId":null,"slug":"legumes","selected":false,"children":[{"name":"L\u00e9gumes de saison","code":"R03F02SF01","id":"1893","type":"RAYON","picto":null,"level":3,"sellerId":null,"slug":"legumes-de-saison","selected":false,"children":null,"layers":"\/navigation\/1893\/layers","link":"\/r\/fruits-et-legumes\/legumes\/legumes-de-saison"},{"name":"Choux, Poireaux, Navets et C\u00e9leris","code":"R03F02SF02","id":"28512","type":"RAYON","picto":null,"level":3,"sellerId":null,"slug":"choux-poireaux-navets-et-celeris","selected":false,"children":[{"name":"Choux-fleur","code":"R03F02SF02SS01","id":"28513","type":"RAYON","picto":null,"level":4,"sellerId":null,"slug":"choux-fleur","selected":false,"children":null,"layers":"\/navigation\/28513\/layers","link":"\/r\/fruits-et-legumes\/legumes\/choux-poireaux-navets-et-celeris\/choux-fleur"},{"name":"Choux","code":"R03F02SF02SS02","id":"28514","type":"RAYON","picto":null,"level":4,"sellerId":null,"slug":"choux","selected":false,"children":null,"layers":"\/navigation\/28514\/layers","link":"\/r\/fruits-et-legumes\/legumes\/choux-poireaux-navets-et-celeris\/choux"},{"name":"Poireaux","code":"R03F02SF02SS03","id":"28515","type":"RAYON","picto":null,"level":4,"sellerId":null,"slug":"poireaux","selected":false,"children":null,"layers":"\/navigation\/28515\/layers","link":"\/r\/fruits-et-legumes\/legumes\/choux-poireaux-navets-et-celeris\/poireaux"},{"name":"Navets","code":"R03F02SF02SS04","id":"28516","type":"RAYON","picto":null,"level":4,"sellerId":null,"slug":"navets","selected":false,"children":null,"layers":"\/navigation\/28516\/layers","link":"\/r\/fruits-et-legumes\/legumes\/choux-poireaux-navets-et-celeris\/navets"},{"name":"C\u00e9leris","code":"R03F02SF02SS05","id":"28517","type":"RAYON","picto":null,"level":4,"sellerId":null,"slug":"celeries","selected":false,"children":null,"layers":"\/navigation\/28517\/layers","link":"\/r\/fruits-et-legumes\/legumes\/choux-poireaux-navets-et-celeris\/celeries"}],"layers":"\/navigation\/28512\/layers","link":"\/r\/fruits-et-legumes\/legumes\/choux-poireaux-navets-et-celeris"},{"name":"Carottes et Pommes de terre","code":"R03F02SF03","id":"28518","type":"RAYON","picto":null,"level":3,"sellerId":null,"slug":"carottes-et-pommes-de-terre","selected":false,"children":[{"name":"Carottes","code":"R03F02SF03SS01","id":"28519","type":"RAYON","picto":null,"level":4,"sellerId":null,"slug":"carottes","selected":false,"children":null,"layers":"\/navigation\/28519\/layers","link":"\/r\/fruits-et-legumes\/legumes\/carottes-et-pommes-de-terre\/carottes"},{"name":"Pommes de terre primeurs","code":"R03F02SF03SS02","id":"28520","type":"RAYON","picto":null,"level":4,"sellerId":null,"slug":"pommes-de-terre-primeur","selected":false,"children":null,"layers":"\/navigation\/28520\/layers","link":"\/r\/fruits-et-legumes\/legumes\/carottes-et-pommes-de-terre\/pommes-de-terre-primeur"},{"name":"Pommes de terre blanches","code":"R03F02SF03SS03","id":"28521","type":"RAYON","picto":null,"level":4,"sellerId":null,"slug":"pommes-de-terre-blanche","selected":false,"children":null,"layers":"\/navigation\/28521\/layers","link":"\/r\/fruits-et-legumes\/legumes\/carottes-et-pommes-de-terre\/pommes-de-terre-blanche"},{"name":"Pommes de terre rouges","code":"R03F02SF03SS04","id":"28522","type":"RAYON","picto":null,"level":4,"sellerId":null,"slug":"pommes-de-terre-blanche","selected":false,"children":null,"layers":"\/navigation\/28522\/layers","link":"\/r\/fruits-et-legumes\/legumes\/carottes-et-pommes-de-terre\/pommes-de-terre-blanche"},{"name":"Patates douces","code":"R03F02SF03SS05","id":"28523","type":"RAYON","picto":null,"level":4,"sellerId":null,"slug":"patates-douces","selected":false,"children":null,"layers":"\/navigation\/28523\/layers","link":"\/r\/fruits-et-legumes\/legumes\/carottes-et-pommes-de-terre\/patates-douces"}],"layers":"\/navigation\/28518\/layers","link":"\/r\/fruits-et-legumes\/legumes\/carottes-et-pommes-de-terre"},{"name":"Potirons, Courges et L\u00e9gumes anciens","code":"R03F02SF04","id":"28534","type":"RAYON","picto":null,"level":3,"sellerId":null,"slug":"potirons-courges-et-legumes-anciens","selected":false,"children":[{"name":"Potirons","code":"R03F02SF04SS01","id":"28535","type":"RAYON","picto":null,"level":4,"sellerId":null,"slug":"potirons","selected":false,"children":null,"layers":"\/navigation\/28535\/layers","link":"\/r\/fruits-et-legumes\/legumes\/potirons-courges-et-legumes-anciens\/potirons"},{"name":"Courges","code":"R03F02SF04SS02","id":"28536","type":"RAYON","picto":null,"level":4,"sellerId":null,"slug":"courges","selected":false,"children":null,"layers":"\/navigation\/28536\/layers","link":"\/r\/fruits-et-legumes\/legumes\/potirons-courges-et-legumes-anciens\/courges"},{"name":"L\u00e9gumes anciens","code":"R03F02SF04SS03","id":"28537","type":"RAYON","picto":null,"level":4,"sellerId":null,"slug":"legumes-anciens","selected":false,"children":null,"layers":"\/navigation\/28537\/layers","link":"\/r\/fruits-et-legumes\/legumes\/potirons-courges-et-legumes-anciens\/legumes-anciens"}],"layers":"\/navigation\/28534\/layers","link":"\/r\/fruits-et-legumes\/legumes\/potirons-courges-et-legumes-anciens"},{"name":"L\u00e9gumes verts et Asperges","code":"R03F02SF05","id":"28524","type":"RAYON","picto":null,"level":3,"sellerId":null,"slug":"legumes-verts-et-asperges","selected":false,"children":[{"name":"Asperges","code":"R03F02SF05SS01","id":"28525","type":"RAYON","picto":null,"level":4,"sellerId":null,"slug":"asperges","selected":false,"children":null,"layers":"\/navigation\/28525\/layers","link":"\/r\/fruits-et-legumes\/legumes\/legumes-verts-et-asperges\/asperges"},{"name":"Haricots","code":"R03F02SF05SS02","id":"28526","type":"RAYON","picto":null,"level":4,"sellerId":null,"slug":"haricots","selected":false,"children":null,"layers":"\/navigation\/28526\/layers","link":"\/r\/fruits-et-legumes\/legumes\/legumes-verts-et-asperges\/haricots"},{"name":"Brocolis","code":"R03F02SF05SS03","id":"28527","type":"RAYON","picto":null,"level":4,"sellerId":null,"slug":"brocolis","selected":false,"children":null,"layers":"\/navigation\/28527\/layers","link":"\/r\/fruits-et-legumes\/legumes\/legumes-verts-et-asperges\/brocolis"},{"name":"Artichauts","code":"R03F02SF05SS04","id":"28559","type":"RAYON","picto":null,"level":4,"sellerId":null,"slug":"artichauts","selected":false,"children":null,"layers":"\/navigation\/28559\/layers","link":"\/r\/fruits-et-legumes\/legumes\/legumes-verts-et-asperges\/artichauts"},{"name":"Autres l\u00e9gumes verts","code":"R03F02SF05SS05","id":"28528","type":"RAYON","picto":null,"level":4,"sellerId":null,"slug":"autres-legumes-verts","selected":false,"children":null,"layers":"\/navigation\/28528\/layers","link":"\/r\/fruits-et-legumes\/legumes\/legumes-verts-et-asperges\/autres-legumes-verts"}],"layers":"\/navigation\/28524\/layers","link":"\/r\/fruits-et-legumes\/legumes\/legumes-verts-et-asperges"},{"name":"Champignons","code":"R03F02SF06","id":"1898","type":"RAYON","picto":null,"level":3,"sellerId":null,"slug":"champignons","selected":false,"children":null,"layers":"\/navigation\/1898\/layers","link":"\/r\/fruits-et-legumes\/legumes\/champignons"},{"name":"Salades et Tomates","code":"R03F02SF07","id":"28507","type":"RAYON","picto":null,"level":3,"sellerId":null,"slug":"salades-et-tomates","selected":false,"children":[{"name":"Salades","code":"R03F02SF07SS01","id":"28508","type":"RAYON","picto":null,"level":4,"sellerId":null,"slug":"salades","selected":false,"children":null,"layers":"\/navigation\/28508\/layers","link":"\/r\/fruits-et-legumes\/legumes\/salades-et-tomates\/salades"},{"name":"Endives","code":"R03F02SF07SS02","id":"28509","type":"RAYON","picto":null,"level":4,"sellerId":null,"slug":"endives","selected":false,"children":null,"layers":"\/navigation\/28509\/layers","link":"\/r\/fruits-et-legumes\/legumes\/salades-et-tomates\/endives"},{"name":"Tomates","code":"R03F02SF07SS03","id":"28510","type":"RAYON","picto":null,"level":4,"sellerId":null,"slug":"tomates","selected":false,"children":null,"layers":"\/navigation\/28510\/layers","link":"\/r\/fruits-et-legumes\/legumes\/salades-et-tomates\/tomates"},{"name":"Tomates cerises","code":"R03F02SF07SS04","id":"28511","type":"RAYON","picto":null,"level":4,"sellerId":null,"slug":"tomates-cerises","selected":false,"children":null,"layers":"\/navigation\/28511\/layers","link":"\/r\/fruits-et-legumes\/legumes\/salades-et-tomates\/tomates-cerises"}],"layers":"\/navigation\/28507\/layers","link":"\/r\/fruits-et-legumes\/legumes\/salades-et-tomates"},{"name":"Concombres, Avocats, Betteraves et Radis","code":"R03F02SF08","id":"28502","type":"RAYON","picto":null,"level":3,"sellerId":null,"slug":"concombres-avocats-betteraves-et-radis","selected":false,"children":[{"name":"Concombres","code":"R03F02SF08SS01","id":"28503","type":"RAYON","picto":null,"level":4,"sellerId":null,"slug":"concombres","selected":false,"children":null,"layers":"\/navigation\/28503\/layers","link":"\/r\/fruits-et-legumes\/legumes\/concombres-avocats-betteraves-et-radis\/concombres"},{"name":"Avocats","code":"R03F02SF08SS02","id":"28504","type":"RAYON","picto":null,"level":4,"sellerId":null,"slug":"avocats","selected":false,"children":null,"layers":"\/navigation\/28504\/layers","link":"\/r\/fruits-et-legumes\/legumes\/concombres-avocats-betteraves-et-radis\/avocats"},{"name":"Betteraves","code":"R03F02SF08SS03","id":"28505","type":"RAYON","picto":null,"level":4,"sellerId":null,"slug":"betteraves","selected":false,"children":null,"layers":"\/navigation\/28505\/layers","link":"\/r\/fruits-et-legumes\/legumes\/concombres-avocats-betteraves-et-radis\/betteraves"},{"name":"Radis","code":"R03F02SF08SS04","id":"28506","type":"RAYON","picto":null,"level":4,"sellerId":null,"slug":"radis","selected":false,"children":null,"layers":"\/navigation\/28506\/layers","link":"\/r\/fruits-et-legumes\/legumes\/concombres-avocats-betteraves-et-radis\/radis"}],"layers":"\/navigation\/28502\/layers","link":"\/r\/fruits-et-legumes\/legumes\/concombres-avocats-betteraves-et-radis"},{"name":"Aubergines, Courgettes et Poivrons","code":"R03F02SF09","id":"28498","type":"RAYON","picto":null,"level":3,"sellerId":null,"slug":"aubergines-courgettes-et-poivrons","selected":false,"children":[{"name":"Aubergines","code":"R03F02SF09SS01","id":"28499","type":"RAYON","picto":null,"level":4,"sellerId":null,"slug":"aubergines","selected":false,"children":null,"layers":"\/navigation\/28499\/layers","link":"\/r\/fruits-et-legumes\/legumes\/aubergines-courgettes-et-poivrons\/aubergines"},{"name":"Courgettes","code":"R03F02SF09SS02","id":"28500","type":"RAYON","picto":null,"level":4,"sellerId":null,"slug":"courgettes","selected":false,"children":null,"layers":"\/navigation\/28500\/layers","link":"\/r\/fruits-et-legumes\/legumes\/aubergines-courgettes-et-poivrons\/courgettes"},{"name":"Poivrons","code":"R03F02SF09SS03","id":"28501","type":"RAYON","picto":null,"level":4,"sellerId":null,"slug":"poivrons","selected":false,"children":null,"layers":"\/navigation\/28501\/layers","link":"\/r\/fruits-et-legumes\/legumes\/aubergines-courgettes-et-poivrons\/poivrons"}],"layers":"\/navigation\/28498\/layers","link":"\/r\/fruits-et-legumes\/legumes\/aubergines-courgettes-et-poivrons"},{"name":"Ail, Oignons et Echalotes","code":"R03F02SF10","id":"28529","type":"RAYON","picto":null,"level":3,"sellerId":null,"slug":"ail-oignons-et-echalotes","selected":false,"children":[{"name":"Oignons jaunes","code":"R03F02SF10SS01","id":"28530","type":"RAYON","picto":null,"level":4,"sellerId":null,"slug":"oignons-jaunes","selected":false,"children":null,"layers":"\/navigation\/28530\/layers","link":"\/r\/fruits-et-legumes\/legumes\/ail-oignons-et-echalotes\/oignons-jaunes"},{"name":"Oignons rouges","code":"R03F02SF10SS02","id":"28531","type":"RAYON","picto":null,"level":4,"sellerId":null,"slug":"oignons-rouges","selected":false,"children":null,"layers":"\/navigation\/28531\/layers","link":"\/r\/fruits-et-legumes\/legumes\/ail-oignons-et-echalotes\/oignons-rouges"},{"name":"Ail","code":"R03F02SF10SS03","id":"28532","type":"RAYON","picto":null,"level":4,"sellerId":null,"slug":"ail","selected":false,"children":null,"layers":"\/navigation\/28532\/layers","link":"\/r\/fruits-et-legumes\/legumes\/ail-oignons-et-echalotes\/ail"},{"name":"Echalottes","code":"R03F02SF10SS04","id":"28533","type":"RAYON","picto":null,"level":4,"sellerId":null,"slug":"echalottes","selected":false,"children":null,"layers":"\/navigation\/28533\/layers","link":"\/r\/fruits-et-legumes\/legumes\/ail-oignons-et-echalotes\/echalottes"}],"layers":"\/navigation\/28529\/layers","link":"\/r\/fruits-et-legumes\/legumes\/ail-oignons-et-echalotes"},{"name":"Herbes aromatiques et Epices","code":"R03F02SF11","id":"28538","type":"RAYON","picto":null,"level":3,"sellerId":null,"slug":"herbes-aromatiques-et-epices","selected":false,"children":[{"name":"Menthe","code":"R03F02SF11SS01","id":"28539","type":"RAYON","picto":null,"level":4,"sellerId":null,"slug":"menthe","selected":false,"children":null,"layers":"\/navigation\/28539\/layers","link":"\/r\/fruits-et-legumes\/legumes\/herbes-aromatiques-et-epices\/menthe"},{"name":"Persil","code":"R03F02SF11SS02","id":"28540","type":"RAYON","picto":null,"level":4,"sellerId":null,"slug":"persil","selected":false,"children":null,"layers":"\/navigation\/28540\/layers","link":"\/r\/fruits-et-legumes\/legumes\/herbes-aromatiques-et-epices\/persil"},{"name":"Basilic","code":"R03F02SF11SS03","id":"28560","type":"RAYON","picto":null,"level":4,"sellerId":null,"slug":"basilic","selected":false,"children":null,"layers":"\/navigation\/28560\/layers","link":"\/r\/fruits-et-legumes\/legumes\/herbes-aromatiques-et-epices\/basilic"},{"name":"Coriandre","code":"R03F02SF11SS04","id":"28561","type":"RAYON","picto":null,"level":4,"sellerId":null,"slug":"coriandre","selected":false,"children":null,"layers":"\/navigation\/28561\/layers","link":"\/r\/fruits-et-legumes\/legumes\/herbes-aromatiques-et-epices\/coriandre"},{"name":"Ciboulette","code":"R03F02SF11SS05","id":"28562","type":"RAYON","picto":null,"level":4,"sellerId":null,"slug":"ciboulette","selected":false,"children":null,"layers":"\/navigation\/28562\/layers","link":"\/r\/fruits-et-legumes\/legumes\/herbes-aromatiques-et-epices\/ciboulette"},{"name":"Autres herbes aromatiques","code":"R03F02SF11SS06","id":"28541","type":"RAYON","picto":null,"level":4,"sellerId":null,"slug":"autres-herbes-aromatiques","selected":false,"children":null,"layers":"\/navigation\/28541\/layers","link":"\/r\/fruits-et-legumes\/legumes\/herbes-aromatiques-et-epices\/autres-herbes-aromatiques"},{"name":"\u00c9pices","code":"R03F02SF11SS07","id":"28542","type":"RAYON","picto":null,"level":4,"sellerId":null,"slug":"epices","selected":false,"children":null,"layers":"\/navigation\/28542\/layers","link":"\/r\/fruits-et-legumes\/legumes\/herbes-aromatiques-et-epices\/epices"}],"layers":"\/navigation\/28538\/layers","link":"\/r\/fruits-et-legumes\/legumes\/herbes-aromatiques-et-epices"}],"layers":"\/navigation\/1892\/layers","link":"\/r\/fruits-et-legumes\/legumes"},{"name":"Fruits et L\u00e9gumes Bio","code":"R03F03","id":"1904","type":"RAYON","picto":"https:\/\/media.carrefour.fr\/medias\/e0b042677a783930ab9bf1453eac0b15\/p_96x96\/1904.jpg","level":2,"sellerId":null,"slug":"fruits-et-legumes-bio","selected":false,"children":[{"name":"Fruits Bio","code":"R03F03SF01","id":"1905","type":"RAYON","picto":null,"level":3,"sellerId":null,"slug":"fruits-bio","selected":false,"children":null,"layers":"\/navigation\/1905\/layers","link":"\/r\/fruits-et-legumes\/fruits-et-legumes-bio\/fruits-bio"},{"name":"L\u00e9gumes Bio","code":"R03F03SF02","id":"1906","type":"RAYON","picto":null,"level":3,"sellerId":null,"slug":"legumes-bio","selected":false,"children":null,"layers":"\/navigation\/1906\/layers","link":"\/r\/fruits-et-legumes\/fruits-et-legumes-bio\/legumes-bio"},{"name":"Fruits et L\u00e9gumes secs Bio","code":"R03F03SF03","id":"1907","type":"RAYON","picto":null,"level":3,"sellerId":null,"slug":"fruits-et-legumes-secs-bio","selected":false,"children":null,"layers":"\/navigation\/1907\/layers","link":"\/r\/fruits-et-legumes\/fruits-et-legumes-bio\/fruits-et-legumes-secs-bio"}],"layers":"\/navigation\/1904\/layers","link":"\/r\/fruits-et-legumes\/fruits-et-legumes-bio"},{"name":"Jus de fruits et L\u00e9gumes frais","code":"R03F04","id":"28548","type":"RAYON","picto":null,"level":2,"sellerId":null,"slug":"jus-de-fruits-et-legumes-frais","selected":false,"children":[{"name":"Jus de fruits","code":"R03F04SF01","id":"28549","type":"RAYON","picto":null,"level":3,"sellerId":null,"slug":"jus-de-fruits","selected":false,"children":null,"layers":"\/navigation\/28549\/layers","link":"\/r\/fruits-et-legumes\/jus-de-fruits-et-legumes-frais\/jus-de-fruits"},{"name":"Smoothies","code":"R03F04SF02","id":"28550","type":"RAYON","picto":null,"level":3,"sellerId":null,"slug":"smoothies","selected":false,"children":null,"layers":"\/navigation\/28550\/layers","link":"\/r\/fruits-et-legumes\/jus-de-fruits-et-legumes-frais\/smoothies"},{"name":"Soupes fra\u00eeches et Gaspachos","code":"R03F04SF03","id":"28551","type":"RAYON","picto":null,"level":3,"sellerId":null,"slug":"soupes-fraiches-gaspachos","selected":false,"children":null,"layers":"\/navigation\/28551\/layers","link":"\/r\/fruits-et-legumes\/jus-de-fruits-et-legumes-frais\/soupes-fraiches-gaspachos"}],"layers":"\/navigation\/28548\/layers","link":"\/r\/fruits-et-legumes\/jus-de-fruits-et-legumes-frais"},{"name":"Pr\u00eat \u00e0 consommer","code":"R03F05","id":"1913","type":"RAYON","picto":"https:\/\/media.carrefour.fr\/medias\/d725a2c2469d3cc896416547806c3755\/p_96x96\/1913.jpg","level":2,"sellerId":null,"slug":"pret-a-consommer","selected":false,"children":[{"name":"Salades en sachet","code":"R03F05SF01","id":"28544","type":"RAYON","picto":null,"level":3,"sellerId":null,"slug":"salades-sachet","selected":false,"children":null,"layers":"\/navigation\/28544\/layers","link":"\/r\/fruits-et-legumes\/pret-a-consommer\/salades-sachet"},{"name":"Fruits d\u00e9coup\u00e9s","code":"R03F05SF02","id":"28545","type":"RAYON","picto":null,"level":3,"sellerId":null,"slug":"fruits-decoupes","selected":false,"children":null,"layers":"\/navigation\/28545\/layers","link":"\/r\/fruits-et-legumes\/pret-a-consommer\/fruits-decoupes"},{"name":"Pur\u00e9es fra\u00eeches","code":"R03F05SF03","id":"28546","type":"RAYON","picto":null,"level":3,"sellerId":null,"slug":"purees-fraiches","selected":false,"children":null,"layers":"\/navigation\/28546\/layers","link":"\/r\/fruits-et-legumes\/pret-a-consommer\/purees-fraiches"},{"name":"L\u00e9gumes d\u00e9coup\u00e9s","code":"R03F05SF04","id":"28555","type":"RAYON","picto":null,"level":3,"sellerId":null,"slug":"legumes-decoupes","selected":false,"children":null,"layers":"\/navigation\/28555\/layers","link":"\/r\/fruits-et-legumes\/pret-a-consommer\/legumes-decoupes"},{"name":"Crudit\u00e9s","code":"R03F05SF05","id":"28556","type":"RAYON","picto":null,"level":3,"sellerId":null,"slug":"crudites","selected":false,"children":null,"layers":"\/navigation\/28556\/layers","link":"\/r\/fruits-et-legumes\/pret-a-consommer\/crudites"}],"layers":"\/navigation\/1913\/layers","link":"\/r\/fruits-et-legumes\/pret-a-consommer"},{"name":"Fruits et L\u00e9gumes secs","code":"R03F06","id":"1908","type":"RAYON","picto":"https:\/\/media.carrefour.fr\/medias\/7ddaad0c7f913f08a378b098d38085b5\/p_96x96\/1908.jpg","level":2,"sellerId":null,"slug":"fruits-et-legumes-secs","selected":false,"children":[{"name":"Pruneaux et Fruits s\u00e9ch\u00e9s","code":"R03F06SF01","id":"1909","type":"RAYON","picto":null,"level":3,"sellerId":null,"slug":"pruneaux-et-fruits-seches","selected":false,"children":null,"layers":"\/navigation\/1909\/layers","link":"\/r\/fruits-et-legumes\/fruits-et-legumes-secs\/pruneaux-et-fruits-seches"},{"name":"Fruits secs aide culinaire","code":"R03F06SF02","id":"1910","type":"RAYON","picto":null,"level":3,"sellerId":null,"slug":"fruits-secs-aide-culinaire","selected":false,"children":null,"layers":"\/navigation\/1910\/layers","link":"\/r\/fruits-et-legumes\/fruits-et-legumes-secs\/fruits-secs-aide-culinaire"},{"name":"L\u00e9gumes secs","code":"R03F06SF03","id":"1912","type":"RAYON","picto":null,"level":3,"sellerId":null,"slug":"legumes-secs","selected":false,"children":null,"layers":"\/navigation\/1912\/layers","link":"\/r\/fruits-et-legumes\/fruits-et-legumes-secs\/legumes-secs"},{"name":"Fruits secs m\u00e9langes et graines","code":"R03F06SF04","id":"28543","type":"RAYON","picto":null,"level":3,"sellerId":null,"slug":"fruits-secs-melanges-graines","selected":false,"children":null,"layers":"\/navigation\/28543\/layers","link":"\/r\/fruits-et-legumes\/fruits-et-legumes-secs\/fruits-secs-melanges-graines"}],"layers":"\/navigation\/1908\/layers","link":"\/r\/fruits-et-legumes\/fruits-et-legumes-secs"},{"name":"Corbeilles et Paniers","code":"R03F07","id":"1920","type":"RAYON","picto":"https:\/\/media.carrefour.fr\/medias\/d9162bce672736ac82d0c76dbfc9f4e6\/p_96x96\/1920.jpg","level":2,"sellerId":null,"slug":"corbeille-et-panier","selected":false,"children":null,"layers":"\/navigation\/1920\/layers","link":"\/r\/fruits-et-legumes\/corbeille-et-panier"}],"layers":"\/navigation\/1882\/layers","link":"\/r\/fruits-et-legumes"},{"name":"Viandes et Poissons","code":"R04","id":"1921","type":"RAYON","picto":"https:\/\/media.carrefour.fr\/medias\/9e116ecf9a313f8b959b5e603d7933a5\/p_96x96\/1921.jpg","level":1,"sellerId":null,"slug":"viandes-et-poissons","selected":false,"children":[{"name":"Volaille et R\u00f4tisserie","code":"R04F01","id":"1931","type":"RAYON","picto":"https:\/\/media.carrefour.fr\/medias\/96ad922a2c1030bba58268be880c9ea9\/p_96x96\/1931.jpg","level":2,"sellerId":null,"slug":"volaille-et-rotisserie","selected":false,"children":[{"name":"Poulets","code":"R04F01SF01","id":"28439","type":"RAYON","picto":null,"level":3,"sellerId":null,"slug":"poulets","selected":false,"children":[{"name":"Poulets entiers","code":"R04F01SF01SS01","id":"28440","type":"RAYON","picto":null,"level":4,"sellerId":null,"slug":"poulets-entiers","selected":false,"children":null,"layers":"\/navigation\/28440\/layers","link":"\/r\/viandes-et-poissons\/volaille-et-rotisserie\/poulets\/poulets-entiers"},{"name":"Cuisses et Ailes","code":"R04F01SF01SS02","id":"28441","type":"RAYON","picto":null,"level":4,"sellerId":null,"slug":"cuisses-ailes","selected":false,"children":null,"layers":"\/navigation\/28441\/layers","link":"\/r\/viandes-et-poissons\/volaille-et-rotisserie\/poulets\/cuisses-ailes"},{"name":"Filets et Aiguillettes","code":"R04F01SF01SS03","id":"28442","type":"RAYON","picto":null,"level":4,"sellerId":null,"slug":"filets-aiguillettes","selected":false,"children":null,"layers":"\/navigation\/28442\/layers","link":"\/r\/viandes-et-poissons\/volaille-et-rotisserie\/poulets\/filets-aiguillettes"}],"layers":"\/navigation\/28439\/layers","link":"\/r\/viandes-et-poissons\/volaille-et-rotisserie\/poulets"},{"name":"R\u00f4tisserie","code":"R04F01SF02","id":"1932","type":"RAYON","picto":null,"level":3,"sellerId":null,"slug":"rotisserie","selected":false,"children":null,"layers":"\/navigation\/1932\/layers","link":"\/r\/viandes-et-poissons\/volaille-et-rotisserie\/rotisserie"},{"name":"Dindes","code":"R04F01SF03","id":"1934","type":"RAYON","picto":null,"level":3,"sellerId":null,"slug":"dindes","selected":false,"children":null,"layers":"\/navigation\/1934\/layers","link":"\/r\/viandes-et-poissons\/volaille-et-rotisserie\/dindes"},{"name":"Canard","code":"R04F01SF04","id":"28443","type":"RAYON","picto":null,"level":3,"sellerId":null,"slug":"canard","selected":false,"children":null,"layers":"\/navigation\/28443\/layers","link":"\/r\/viandes-et-poissons\/volaille-et-rotisserie\/canard"},{"name":"Lapin","code":"R04F01SF05","id":"28444","type":"RAYON","picto":null,"level":3,"sellerId":null,"slug":"lapin","selected":false,"children":null,"layers":"\/navigation\/28444\/layers","link":"\/r\/viandes-et-poissons\/volaille-et-rotisserie\/lapin"},{"name":"Cordons bleus et Grignotes","code":"R04F01SF06","id":"28445","type":"RAYON","picto":null,"level":3,"sellerId":null,"slug":"cordons-bleus-grignotes","selected":false,"children":[{"name":"Cordons bleus","code":"R04F01SF06SS01","id":"28446","type":"RAYON","picto":null,"level":4,"sellerId":null,"slug":"cordons-bleus","selected":false,"children":null,"layers":"\/navigation\/28446\/layers","link":"\/r\/viandes-et-poissons\/volaille-et-rotisserie\/cordons-bleus-grignotes\/cordons-bleus"},{"name":"Nuggets","code":"R04F01SF06SS02","id":"28447","type":"RAYON","picto":null,"level":4,"sellerId":null,"slug":"nuggets","selected":false,"children":null,"layers":"\/navigation\/28447\/layers","link":"\/r\/viandes-et-poissons\/volaille-et-rotisserie\/cordons-bleus-grignotes\/nuggets"},{"name":"Grignottes","code":"R04F01SF06SS03","id":"28448","type":"RAYON","picto":null,"level":4,"sellerId":null,"slug":"grignottes","selected":false,"children":null,"layers":"\/navigation\/28448\/layers","link":"\/r\/viandes-et-poissons\/volaille-et-rotisserie\/cordons-bleus-grignotes\/grignottes"}],"layers":"\/navigation\/28445\/layers","link":"\/r\/viandes-et-poissons\/volaille-et-rotisserie\/cordons-bleus-grignotes"},{"name":"Foies et G\u00e9siers","code":"R04F01SF07","id":"28449","type":"RAYON","picto":null,"level":3,"sellerId":null,"slug":"foies-gesiers","selected":false,"children":null,"layers":"\/navigation\/28449\/layers","link":"\/r\/viandes-et-poissons\/volaille-et-rotisserie\/foies-gesiers"}],"layers":"\/navigation\/1931\/layers","link":"\/r\/viandes-et-poissons\/volaille-et-rotisserie"},{"name":"Boucherie","code":"R04F02","id":"1922","type":"RAYON","picto":"https:\/\/media.carrefour.fr\/medias\/34001b9ef2563590bea9ed78f9089b3a\/p_96x96\/1922.jpg","level":2,"sellerId":null,"slug":"boucherie","selected":false,"children":[{"name":"Boucherie \u00e0 la coupe","code":"R04F02SF01","id":"28450","type":"RAYON","picto":null,"level":3,"sellerId":null,"slug":"boucherie-coupe","selected":false,"children":[{"name":"Boeuf","code":"R04F02SF01SS01","id":"28451","type":"RAYON","picto":null,"level":4,"sellerId":null,"slug":"boeuf","selected":false,"children":null,"layers":"\/navigation\/28451\/layers","link":"\/r\/viandes-et-poissons\/boucherie\/boucherie-coupe\/boeuf"},{"name":"Porc","code":"R04F02SF01SS02","id":"28452","type":"RAYON","picto":null,"level":4,"sellerId":null,"slug":"porc","selected":false,"children":null,"layers":"\/navigation\/28452\/layers","link":"\/r\/viandes-et-poissons\/boucherie\/boucherie-coupe\/porc"},{"name":"Veau","code":"R04F02SF01SS03","id":"28453","type":"RAYON","picto":null,"level":4,"sellerId":null,"slug":"veau","selected":false,"children":null,"layers":"\/navigation\/28453\/layers","link":"\/r\/viandes-et-poissons\/boucherie\/boucherie-coupe\/veau"},{"name":"Agneau","code":"R04F02SF01SS04","id":"28454","type":"RAYON","picto":null,"level":4,"sellerId":null,"slug":"agneau","selected":false,"children":null,"layers":"\/navigation\/28454\/layers","link":"\/r\/viandes-et-poissons\/boucherie\/boucherie-coupe\/agneau"},{"name":"Saucisses et Brochettes","code":"R04F02SF01SS05","id":"28455","type":"RAYON","picto":null,"level":4,"sellerId":null,"slug":"saucisses","selected":false,"children":null,"layers":"\/navigation\/28455\/layers","link":"\/r\/viandes-et-poissons\/boucherie\/boucherie-coupe\/saucisses"}],"layers":"\/navigation\/28450\/layers","link":"\/r\/viandes-et-poissons\/boucherie\/boucherie-coupe"},{"name":"Boeuf","code":"R04F02SF02","id":"1924","type":"RAYON","picto":null,"level":3,"sellerId":null,"slug":"boeuf","selected":false,"children":null,"layers":"\/navigation\/1924\/layers","link":"\/r\/viandes-et-poissons\/boucherie\/boeuf"},{"name":"Veau","code":"R04F02SF03","id":"1925","type":"RAYON","picto":null,"level":3,"sellerId":null,"slug":"veau","selected":false,"children":null,"layers":"\/navigation\/1925\/layers","link":"\/r\/viandes-et-poissons\/boucherie\/veau"},{"name":"Porc","code":"R04F02SF04","id":"1926","type":"RAYON","picto":null,"level":3,"sellerId":null,"slug":"porc","selected":false,"children":null,"layers":"\/navigation\/1926\/layers","link":"\/r\/viandes-et-poissons\/boucherie\/porc"},{"name":"Agneau","code":"R04F02SF05","id":"28456","type":"RAYON","picto":null,"level":3,"sellerId":null,"slug":"agneau","selected":false,"children":null,"layers":"\/navigation\/28456\/layers","link":"\/r\/viandes-et-poissons\/boucherie\/agneau"},{"name":"Viandes hach\u00e9es","code":"R04F02SF06","id":"28457","type":"RAYON","picto":null,"level":3,"sellerId":null,"slug":"viandes-hachees","selected":false,"children":[{"name":"Viandes hach\u00e9es","code":"R04F02SF06SS01","id":"28458","type":"RAYON","picto":null,"level":4,"sellerId":null,"slug":"viandes-hachees","selected":false,"children":null,"layers":"\/navigation\/28458\/layers","link":"\/r\/viandes-et-poissons\/boucherie\/viandes-hachees\/viandes-hachees"},{"name":"Steaks hach\u00e9s","code":"R04F02SF06SS02","id":"28459","type":"RAYON","picto":null,"level":4,"sellerId":null,"slug":"steaks-haches","selected":false,"children":null,"layers":"\/navigation\/28459\/layers","link":"\/r\/viandes-et-poissons\/boucherie\/viandes-hachees\/steaks-haches"}],"layers":"\/navigation\/28457\/layers","link":"\/r\/viandes-et-poissons\/boucherie\/viandes-hachees"},{"name":"Saucisses et Farces","code":"R04F02SF07","id":"28460","type":"RAYON","picto":null,"level":3,"sellerId":null,"slug":"saucisses-farces","selected":false,"children":[{"name":"Merguez","code":"R04F02SF07SS01","id":"28461","type":"RAYON","picto":null,"level":4,"sellerId":null,"slug":"merguez","selected":false,"children":null,"layers":"\/navigation\/28461\/layers","link":"\/r\/viandes-et-poissons\/boucherie\/saucisses-farces\/merguez"},{"name":"Saucisses","code":"R04F02SF07SS02","id":"28462","type":"RAYON","picto":null,"level":4,"sellerId":null,"slug":"saucisses","selected":false,"children":null,"layers":"\/navigation\/28462\/layers","link":"\/r\/viandes-et-poissons\/boucherie\/saucisses-farces\/saucisses"},{"name":"Farces et Chair \u00e0 saucisses","code":"R04F02SF07SS03","id":"28463","type":"RAYON","picto":null,"level":4,"sellerId":null,"slug":"farces-chair-saucisses","selected":false,"children":null,"layers":"\/navigation\/28463\/layers","link":"\/r\/viandes-et-poissons\/boucherie\/saucisses-farces\/farces-chair-saucisses"}],"layers":"\/navigation\/28460\/layers","link":"\/r\/viandes-et-poissons\/boucherie\/saucisses-farces"},{"name":"Grillades et Brochettes ","code":"R04F02SF08","id":"28464","type":"RAYON","picto":null,"level":3,"sellerId":null,"slug":"grillades-brochettes","selected":false,"children":null,"layers":"\/navigation\/28464\/layers","link":"\/r\/viandes-et-poissons\/boucherie\/grillades-brochettes"}],"layers":"\/navigation\/1922\/layers","link":"\/r\/viandes-et-poissons\/boucherie"},{"name":"Boucherie bio","code":"R04F03","id":"28421","type":"RAYON","picto":null,"level":2,"sellerId":null,"slug":"boucherie-bio","selected":false,"children":null,"layers":"\/navigation\/28421\/layers","link":"\/r\/viandes-et-poissons\/boucherie-bio"},{"name":"Volaille bio","code":"R04F04","id":"28420","type":"RAYON","picto":null,"level":2,"sellerId":null,"slug":"volaille-bio","selected":false,"children":null,"layers":"\/navigation\/28420\/layers","link":"\/r\/viandes-et-poissons\/volaille-bio"},{"name":"Poissonnerie","code":"R04F05","id":"1938","type":"RAYON","picto":"https:\/\/media.carrefour.fr\/medias\/e3c6703330bb3f29b33ad3f02b162b67\/p_96x96\/1938.jpg","level":2,"sellerId":null,"slug":"poissonnerie","selected":false,"children":[{"name":"Mon poissonnier","code":"R04F05SF01","id":"28434","type":"RAYON","picto":null,"level":3,"sellerId":null,"slug":"mon-poissonnier","selected":false,"children":[{"name":"Saumons et truites","code":"R04F05SF01SS01","id":"28435","type":"RAYON","picto":null,"level":4,"sellerId":null,"slug":"saumons-et-truites","selected":false,"children":null,"layers":"\/navigation\/28435\/layers","link":"\/r\/viandes-et-poissons\/poissonnerie\/mon-poissonnier\/saumons-et-truites"},{"name":"Filets et pav\u00e9s","code":"R04F05SF01SS02","id":"28436","type":"RAYON","picto":null,"level":4,"sellerId":null,"slug":"filets-et-paves","selected":false,"children":null,"layers":"\/navigation\/28436\/layers","link":"\/r\/viandes-et-poissons\/poissonnerie\/mon-poissonnier\/filets-et-paves"},{"name":"Crevettes","code":"R04F05SF01SS03","id":"28437","type":"RAYON","picto":null,"level":4,"sellerId":null,"slug":"crevettes","selected":false,"children":null,"layers":"\/navigation\/28437\/layers","link":"\/r\/viandes-et-poissons\/poissonnerie\/mon-poissonnier\/crevettes"},{"name":"Coquillages et crustac\u00e9s","code":"R04F05SF01SS04","id":"28438","type":"RAYON","picto":null,"level":4,"sellerId":null,"slug":"coquillages-crustaces","selected":false,"children":null,"layers":"\/navigation\/28438\/layers","link":"\/r\/viandes-et-poissons\/poissonnerie\/mon-poissonnier\/coquillages-crustaces"}],"layers":"\/navigation\/28434\/layers","link":"\/r\/viandes-et-poissons\/poissonnerie\/mon-poissonnier"},{"name":"Crevettes","code":"R04F05SF02","id":"28430","type":"RAYON","picto":null,"level":3,"sellerId":null,"slug":"crevettes","selected":false,"children":null,"layers":"\/navigation\/28430\/layers","link":"\/r\/viandes-et-poissons\/poissonnerie\/crevettes"},{"name":"Coquillages et Crustac\u00e9s","code":"R04F05SF03","id":"28429","type":"RAYON","picto":null,"level":3,"sellerId":null,"slug":"coquillages-crustaces","selected":false,"children":null,"layers":"\/navigation\/28429\/layers","link":"\/r\/viandes-et-poissons\/poissonnerie\/coquillages-crustaces"},{"name":"Filets et pav\u00e9s","code":"R04F05SF04","id":"1941","type":"RAYON","picto":null,"level":3,"sellerId":null,"slug":"filets-et-paves","selected":false,"children":null,"layers":"\/navigation\/1941\/layers","link":"\/r\/viandes-et-poissons\/poissonnerie\/filets-et-paves"},{"name":"Saumons et Truites","code":"R04F05SF05","id":"28431","type":"RAYON","picto":null,"level":3,"sellerId":null,"slug":"saumons-et-truites","selected":false,"children":[{"name":"Saumons","code":"R04F05SF05SS01","id":"28432","type":"RAYON","picto":null,"level":4,"sellerId":null,"slug":"saumons","selected":false,"children":null,"layers":"\/navigation\/28432\/layers","link":"\/r\/viandes-et-poissons\/poissonnerie\/saumons-et-truites\/saumons"},{"name":"Truites","code":"R04F05SF05SS02","id":"28433","type":"RAYON","picto":null,"level":4,"sellerId":null,"slug":"truites","selected":false,"children":null,"layers":"\/navigation\/28433\/layers","link":"\/r\/viandes-et-poissons\/poissonnerie\/saumons-et-truites\/truites"}],"layers":"\/navigation\/28431\/layers","link":"\/r\/viandes-et-poissons\/poissonnerie\/saumons-et-truites"},{"name":"Soupes de poisson et accompagnements","code":"R03F03SF10","id":"1951","type":"RAYON","picto":null,"level":3,"sellerId":null,"slug":"soupes-de-poisson-et-accompagnements","selected":false,"children":null,"layers":"\/navigation\/1951\/layers","link":"\/r\/viandes-et-poissons\/poissonnerie\/soupes-de-poisson-et-accompagnements"}],"layers":"\/navigation\/1938\/layers","link":"\/r\/viandes-et-poissons\/poissonnerie"},{"name":"Poissonnerie bio","code":"R04F06","id":"28419","type":"RAYON","picto":null,"level":2,"sellerId":null,"slug":"poissonnerie-bio","selected":false,"children":null,"layers":"\/navigation\/28419\/layers","link":"\/r\/viandes-et-poissons\/poissonnerie-bio"},{"name":"Traiteur de la mer","code":"R04F07","id":"28418","type":"RAYON","picto":"https:\/\/media.carrefour.fr\/medias\/60f690b9b6e5374a971cf10310972b62\/p_96x96\/28418.jpg","level":2,"sellerId":null,"slug":"traiteur-mer","selected":false,"children":[{"name":"Sushis","code":"R04F07SF01","id":"28422","type":"RAYON","picto":null,"level":3,"sellerId":null,"slug":"sushis","selected":false,"children":null,"layers":"\/navigation\/28422\/layers","link":"\/r\/viandes-et-poissons\/traiteur-mer\/sushis"},{"name":"Poissons pan\u00e9s et cuisin\u00e9s","code":"R04F07SF03","id":"28423","type":"RAYON","picto":null,"level":3,"sellerId":null,"slug":"poissons-panes-cuisines","selected":false,"children":null,"layers":"\/navigation\/28423\/layers","link":"\/r\/viandes-et-poissons\/traiteur-mer\/poissons-panes-cuisines"},{"name":"Saumons et Poissons fum\u00e9s","code":"R04F07SF03","id":"28424","type":"RAYON","picto":null,"level":3,"sellerId":null,"slug":"saumons-poissons-fumes","selected":false,"children":[{"name":"Saumons fum\u00e9s","code":"R04F07SF01SS01","id":"28552","type":"RAYON","picto":null,"level":4,"sellerId":null,"slug":"saumons-fumes","selected":false,"children":null,"layers":"\/navigation\/28552\/layers","link":"\/r\/viandes-et-poissons\/traiteur-mer\/saumons-poissons-fumes\/saumons-fumes"},{"name":"Truites fum\u00e9es","code":"R04F07SF01SS02","id":"28553","type":"RAYON","picto":null,"level":4,"sellerId":null,"slug":"truites-fumees","selected":false,"children":null,"layers":"\/navigation\/28553\/layers","link":"\/r\/viandes-et-poissons\/traiteur-mer\/saumons-poissons-fumes\/truites-fumees"},{"name":"Poissons fum\u00e9s","code":"R04F07SF03SS03","id":"28554","type":"RAYON","picto":null,"level":4,"sellerId":null,"slug":"poissons-fumes","selected":false,"children":null,"layers":"\/navigation\/28554\/layers","link":"\/r\/viandes-et-poissons\/traiteur-mer\/saumons-poissons-fumes\/poissons-fumes"}],"layers":"\/navigation\/28424\/layers","link":"\/r\/viandes-et-poissons\/traiteur-mer\/saumons-poissons-fumes"},{"name":"Surimis","code":"R04F07SF04","id":"28425","type":"RAYON","picto":null,"level":3,"sellerId":null,"slug":"surimis","selected":false,"children":null,"layers":"\/navigation\/28425\/layers","link":"\/r\/viandes-et-poissons\/traiteur-mer\/surimis"},{"name":"Tarama et Tartinables","code":"R04F07SF05","id":"28426","type":"RAYON","picto":null,"level":3,"sellerId":null,"slug":"tarama-tartinables","selected":false,"children":null,"layers":"\/navigation\/28426\/layers","link":"\/r\/viandes-et-poissons\/traiteur-mer\/tarama-tartinables"},{"name":"Canap\u00e9s et Blinis","code":"R04F07SF06","id":"28427","type":"RAYON","picto":null,"level":3,"sellerId":null,"slug":"canapes-blinis","selected":false,"children":null,"layers":"\/navigation\/28427\/layers","link":"\/r\/viandes-et-poissons\/traiteur-mer\/canapes-blinis"},{"name":"Soupes de poisson et Accompagnements","code":"R04F07SF07","id":"28428","type":"RAYON","picto":null,"level":3,"sellerId":null,"slug":"soupes-poisson-accompagnements","selected":false,"children":null,"layers":"\/navigation\/28428\/layers","link":"\/r\/viandes-et-poissons\/traiteur-mer\/soupes-poisson-accompagnements"}],"layers":"\/navigation\/28418\/layers","link":"\/r\/viandes-et-poissons\/traiteur-mer"}],"layers":"\/navigation\/1921\/layers","link":"\/r\/viandes-et-poissons"},{"name":"Pains et P\u00e2tisseries","code":"R05","id":"1952","type":"RAYON","picto":"https:\/\/media.carrefour.fr\/medias\/7555898f95a53010996592b7d2ecf854\/p_96x96\/1952.jpg","level":1,"sellerId":null,"slug":"pains-et-patisseries","selected":false,"children":[{"name":"Mon p\u00e2tissier","code":"R05F01","id":"1956","type":"RAYON","picto":"https:\/\/media.carrefour.fr\/medias\/9605b73e799e32539e77722b1035bd44\/p_96x96\/1956.jpg","level":2,"sellerId":null,"slug":"mon-patissier","selected":false,"children":[{"name":"B\u00fbches et Galettes des rois","code":"R05F01SF01","id":"1957","type":"RAYON","picto":null,"level":3,"sellerId":null,"slug":"buches-et-galettes-des-rois","selected":false,"children":null,"layers":"\/navigation\/1957\/layers","link":"\/r\/pains-et-patisseries\/mon-patissier\/buches-et-galettes-des-rois"},{"name":"G\u00e2teaux","code":"R05F01SF02","id":"1958","type":"RAYON","picto":null,"level":3,"sellerId":null,"slug":"gateaux","selected":false,"children":null,"layers":"\/navigation\/1958\/layers","link":"\/r\/pains-et-patisseries\/mon-patissier\/gateaux"},{"name":"Biscuits et Gourmandises","code":"R05F01SF03","id":"1959","type":"RAYON","picto":null,"level":3,"sellerId":null,"slug":"biscuits-et-gourmandises","selected":false,"children":null,"layers":"\/navigation\/1959\/layers","link":"\/r\/pains-et-patisseries\/mon-patissier\/biscuits-et-gourmandises"}],"layers":"\/navigation\/1956\/layers","link":"\/r\/pains-et-patisseries\/mon-patissier"},{"name":"Mon boulanger","code":"R05F02","id":"1953","type":"RAYON","picto":"https:\/\/media.carrefour.fr\/medias\/419d72aeb74831d8bae1e05daf95e37d\/p_96x96\/1953.jpg","level":2,"sellerId":null,"slug":"mon-boulanger","selected":false,"children":[{"name":"Pains","code":"R05F02SF01","id":"1954","type":"RAYON","picto":null,"level":3,"sellerId":null,"slug":"pain","selected":false,"children":null,"layers":"\/navigation\/1954\/layers","link":"\/r\/pains-et-patisseries\/mon-boulanger\/pain"},{"name":"Baguettes","code":"R05F02SF02","id":"1955","type":"RAYON","picto":null,"level":3,"sellerId":null,"slug":"baguettes","selected":false,"children":null,"layers":"\/navigation\/1955\/layers","link":"\/r\/pains-et-patisseries\/mon-boulanger\/baguettes"}],"layers":"\/navigation\/1953\/layers","link":"\/r\/pains-et-patisseries\/mon-boulanger"},{"name":"Viennoiseries et Brioches","code":"R05F03","id":"1960","type":"RAYON","picto":"https:\/\/media.carrefour.fr\/medias\/807216684a4339528008c4b0417d3da2\/p_96x96\/1960.jpg","level":2,"sellerId":null,"slug":"viennoiseries-et-brioches","selected":false,"children":[{"name":"Viennoiseries","code":"R05F03SF01","id":"1961","type":"RAYON","picto":null,"level":3,"sellerId":null,"slug":"viennoiseries","selected":false,"children":null,"layers":"\/navigation\/1961\/layers","link":"\/r\/pains-et-patisseries\/viennoiseries-et-brioches\/viennoiseries"},{"name":"Brioches et Pains au lait","code":"R05F03SF02","id":"1962","type":"RAYON","picto":null,"level":3,"sellerId":null,"slug":"brioches-et-pains-au-lait","selected":false,"children":null,"layers":"\/navigation\/1962\/layers","link":"\/r\/pains-et-patisseries\/viennoiseries-et-brioches\/brioches-et-pains-au-lait"},{"name":"Madeleines, Mignardises et Cakes","code":"R05F03SF03","id":"1963","type":"RAYON","picto":null,"level":3,"sellerId":null,"slug":"madeleines-mignardises-et-cakes","selected":false,"children":null,"layers":"\/navigation\/1963\/layers","link":"\/r\/pains-et-patisseries\/viennoiseries-et-brioches\/madeleines-mignardises-et-cakes"}],"layers":"\/navigation\/1960\/layers","link":"\/r\/pains-et-patisseries\/viennoiseries-et-brioches"},{"name":"Pains de mie, Pr\u00e9cuits et Burger","code":"R05F04","id":"1964","type":"RAYON","picto":"https:\/\/media.carrefour.fr\/medias\/5ef56c115e1034f49898ad152963eaa1\/p_96x96\/1964.jpg","level":2,"sellerId":null,"slug":"pains-de-mie-precuits-et-burger","selected":false,"children":[{"name":"Pains de mie","code":"R05F04SF01","id":"1965","type":"RAYON","picto":null,"level":3,"sellerId":null,"slug":"pains-de-mie","selected":false,"children":null,"layers":"\/navigation\/1965\/layers","link":"\/r\/pains-et-patisseries\/pains-de-mie-precuits-et-burger\/pains-de-mie"},{"name":"Pains burger et Pains pr\u00e9cuits","code":"R05F04SF02","id":"1966","type":"RAYON","picto":null,"level":3,"sellerId":null,"slug":"pains-burger-et-pains-precuits","selected":false,"children":null,"layers":"\/navigation\/1966\/layers","link":"\/r\/pains-et-patisseries\/pains-de-mie-precuits-et-burger\/pains-burger-et-pains-precuits"}],"layers":"\/navigation\/1964\/layers","link":"\/r\/pains-et-patisseries\/pains-de-mie-precuits-et-burger"}],"layers":"\/navigation\/1952\/layers","link":"\/r\/pains-et-patisseries"},{"name":"Frais","code":"R06","id":"28127","type":"RAYON","picto":"https:\/\/media.carrefour.fr\/medias\/9fb528d6d5db306cb9f413840d7b6425\/p_96x96\/28127.jpg","level":1,"sellerId":null,"slug":"frais","selected":false,"children":[{"name":"Traiteur","code":"R06F01","id":"28133","type":"RAYON","picto":"https:\/\/media.carrefour.fr\/medias\/80c220c3e4e4329da11d4dfeb1a1b5a6\/p_96x96\/28133.jpg","level":2,"sellerId":null,"slug":"traiteur","selected":false,"children":[{"name":"Traiteur traditionnel ","code":"R06F01SF01","id":"28326","type":"RAYON","picto":null,"level":3,"sellerId":null,"slug":"traiteur-traditionnel","selected":false,"children":[{"name":"Ap\u00e9ritifs et Entr\u00e9es","code":"R06F01SF01SS01","id":"28327","type":"RAYON","picto":null,"level":4,"sellerId":null,"slug":"aperitifs-entrees","selected":false,"children":null,"layers":"\/navigation\/28327\/layers","link":"\/r\/frais\/traiteur\/traiteur-traditionnel\/aperitifs-entrees"},{"name":"Salades","code":"R06F01SF01SS02","id":"28328","type":"RAYON","picto":null,"level":4,"sellerId":null,"slug":"salades","selected":false,"children":null,"layers":"\/navigation\/28328\/layers","link":"\/r\/frais\/traiteur\/traiteur-traditionnel\/salades"},{"name":"Plats cuisin\u00e9s","code":"R06F01SF01SS03","id":"28329","type":"RAYON","picto":null,"level":4,"sellerId":null,"slug":"plats-cuisines","selected":false,"children":null,"layers":"\/navigation\/28329\/layers","link":"\/r\/frais\/traiteur\/traiteur-traditionnel\/plats-cuisines"},{"name":"P\u00e2tes fra\u00eeches","code":"R06F01SF01SS04","id":"28330","type":"RAYON","picto":null,"level":4,"sellerId":null,"slug":"pates-fraiches","selected":false,"children":null,"layers":"\/navigation\/28330\/layers","link":"\/r\/frais\/traiteur\/traiteur-traditionnel\/pates-fraiches"},{"name":"R\u00f4tisserie","code":"R06F01SF01SS05","id":"28331","type":"RAYON","picto":null,"level":4,"sellerId":null,"slug":"rotisserie","selected":false,"children":null,"layers":"\/navigation\/28331\/layers","link":"\/r\/frais\/traiteur\/traiteur-traditionnel\/rotisserie"}],"layers":"\/navigation\/28326\/layers","link":"\/r\/frais\/traiteur\/traiteur-traditionnel"},{"name":"Ap\u00e9ritifs et Entr\u00e9es","code":"R06F01SF02","id":"28206","type":"RAYON","picto":null,"level":3,"sellerId":null,"slug":"aperitifs-entrees","selected":false,"children":[{"name":"Tapas et Entr\u00e9es","code":"R06F01SF02SS01","id":"28337","type":"RAYON","picto":null,"level":4,"sellerId":null,"slug":"tapas-entrees","selected":false,"children":null,"layers":"\/navigation\/28337\/layers","link":"\/r\/frais\/traiteur\/aperitifs-entrees\/tapas-entrees"},{"name":"Tartinables et Olives","code":"R06F01SF02SS02","id":"28338","type":"RAYON","picto":null,"level":4,"sellerId":null,"slug":"tartinables-olives","selected":false,"children":null,"layers":"\/navigation\/28338\/layers","link":"\/r\/frais\/traiteur\/aperitifs-entrees\/tartinables-olives"}],"layers":"\/navigation\/28206\/layers","link":"\/r\/frais\/traiteur\/aperitifs-entrees"},{"name":"Traiteur de la mer","code":"R06F01SF03","id":"28367","type":"RAYON","picto":null,"level":3,"sellerId":null,"slug":"traiteur-mer","selected":false,"children":[{"name":"Saumons et Poissons fum\u00e9s","code":"R06F01SF03SS01","id":"28370","type":"RAYON","picto":null,"level":4,"sellerId":null,"slug":"saumons-poissons-fumes","selected":false,"children":null,"layers":"\/navigation\/28370\/layers","link":"\/r\/frais\/traiteur\/traiteur-mer\/saumons-poissons-fumes"},{"name":"Poissons pan\u00e9s et cuisin\u00e9s","code":"R06F01SF08SS02","id":"28369","type":"RAYON","picto":null,"level":4,"sellerId":null,"slug":"poissons-panes-cuisines","selected":false,"children":null,"layers":"\/navigation\/28369\/layers","link":"\/r\/frais\/traiteur\/traiteur-mer\/poissons-panes-cuisines"},{"name":"Tarama et Tartinables","code":"R06F01SF03SS05","id":"28372","type":"RAYON","picto":null,"level":4,"sellerId":null,"slug":"tarama-tartinables","selected":false,"children":null,"layers":"\/navigation\/28372\/layers","link":"\/r\/frais\/traiteur\/traiteur-mer\/tarama-tartinables"},{"name":"Canap\u00e9s et Blinis","code":"R06F01SF03SS06","id":"28373","type":"RAYON","picto":null,"level":4,"sellerId":null,"slug":"canapes-blinis","selected":false,"children":null,"layers":"\/navigation\/28373\/layers","link":"\/r\/frais\/traiteur\/traiteur-mer\/canapes-blinis"},{"name":"Soupes de poisson et Accompagnements","code":"R06F01SF03SS07","id":"28374","type":"RAYON","picto":null,"level":4,"sellerId":null,"slug":"soupes-poisson-accompagnements","selected":false,"children":null,"layers":"\/navigation\/28374\/layers","link":"\/r\/frais\/traiteur\/traiteur-mer\/soupes-poisson-accompagnements"}],"layers":"\/navigation\/28367\/layers","link":"\/r\/frais\/traiteur\/traiteur-mer"},{"name":"Pizzas, Quiches et Croques","code":"R06F01SF04","id":"28332","type":"RAYON","picto":null,"level":3,"sellerId":null,"slug":"pizzas-quiches-croques","selected":false,"children":[{"name":"Pizzas","code":"R06F01SF04SS01","id":"28333","type":"RAYON","picto":null,"level":4,"sellerId":null,"slug":"pizzas","selected":false,"children":null,"layers":"\/navigation\/28333\/layers","link":"\/r\/frais\/traiteur\/pizzas-quiches-croques\/pizzas"},{"name":"Tartes et Quiches","code":"R06F01SF04SS02","id":"28334","type":"RAYON","picto":null,"level":4,"sellerId":null,"slug":"tartes-quiches","selected":false,"children":null,"layers":"\/navigation\/28334\/layers","link":"\/r\/frais\/traiteur\/pizzas-quiches-croques\/tartes-quiches"},{"name":"Flammekueche","code":"R06F01SF04SS03","id":"28335","type":"RAYON","picto":null,"level":4,"sellerId":null,"slug":"flammekueche","selected":false,"children":null,"layers":"\/navigation\/28335\/layers","link":"\/r\/frais\/traiteur\/pizzas-quiches-croques\/flammekueche"},{"name":"Croques-Monsieur","code":"R06F01SF04SS04","id":"28336","type":"RAYON","picto":null,"level":4,"sellerId":null,"slug":"croques-monsieur","selected":false,"children":null,"layers":"\/navigation\/28336\/layers","link":"\/r\/frais\/traiteur\/pizzas-quiches-croques\/croques-monsieur"}],"layers":"\/navigation\/28332\/layers","link":"\/r\/frais\/traiteur\/pizzas-quiches-croques"},{"name":"V\u00e9g\u00e9tarien","code":"R06F01SF05","id":"28211","type":"RAYON","picto":null,"level":3,"sellerId":null,"slug":"vegetarien","selected":false,"children":null,"layers":"\/navigation\/28211\/layers","link":"\/r\/frais\/traiteur\/vegetarien"},{"name":"P\u00e2tes \u00e0 tartes et Cr\u00eapes","code":"R06F01SF06","id":"28215","type":"RAYON","picto":null,"level":3,"sellerId":null,"slug":"pates-tartes-crepes","selected":false,"children":[{"name":"P\u00e2tes feuillet\u00e9es","code":"R06F01SF06SS01","id":"28216","type":"RAYON","picto":null,"level":4,"sellerId":null,"slug":"pates-feuilletees","selected":false,"children":null,"layers":"\/navigation\/28216\/layers","link":"\/r\/frais\/traiteur\/pates-tartes-crepes\/pates-feuilletees"},{"name":"P\u00e2tes bris\u00e9es","code":"R06F01SF06SS02","id":"28217","type":"RAYON","picto":null,"level":4,"sellerId":null,"slug":"pates-brisees","selected":false,"children":null,"layers":"\/navigation\/28217\/layers","link":"\/r\/frais\/traiteur\/pates-tartes-crepes\/pates-brisees"},{"name":"P\u00e2tes \u00e0 pizza","code":"R06F01SF06SS03","id":"28218","type":"RAYON","picto":null,"level":4,"sellerId":null,"slug":"pates-pizza","selected":false,"children":null,"layers":"\/navigation\/28218\/layers","link":"\/r\/frais\/traiteur\/pates-tartes-crepes\/pates-pizza"},{"name":"P\u00e2tes sabl\u00e9es","code":"R06F01SF06SS04","id":"28219","type":"RAYON","picto":null,"level":4,"sellerId":null,"slug":"pates-sablees","selected":false,"children":null,"layers":"\/navigation\/28219\/layers","link":"\/r\/frais\/traiteur\/pates-tartes-crepes\/pates-sablees"},{"name":"Feuilles de brick","code":"R06F01SF06SS05","id":"28220","type":"RAYON","picto":null,"level":4,"sellerId":null,"slug":"feuilles-brick","selected":false,"children":null,"layers":"\/navigation\/28220\/layers","link":"\/r\/frais\/traiteur\/pates-tartes-crepes\/feuilles-brick"},{"name":"Cr\u00eapes et Galettes","code":"R06F01SF06SS06","id":"28221","type":"RAYON","picto":null,"level":4,"sellerId":null,"slug":"crepes-galettes","selected":false,"children":null,"layers":"\/navigation\/28221\/layers","link":"\/r\/frais\/traiteur\/pates-tartes-crepes\/crepes-galettes"}],"layers":"\/navigation\/28215\/layers","link":"\/r\/frais\/traiteur\/pates-tartes-crepes"},{"name":"P\u00e2tes fra\u00eeches, Gnocchis et Quenelles","code":"R06F01SF07","id":"28339","type":"RAYON","picto":null,"level":3,"sellerId":null,"slug":"pates-fraiches-gnocchis-quenelles","selected":false,"children":[{"name":"P\u00e2tes fra\u00eeches","code":"R06F01SF07SS01","id":"28340","type":"RAYON","picto":null,"level":4,"sellerId":null,"slug":"pates-fraiches","selected":false,"children":null,"layers":"\/navigation\/28340\/layers","link":"\/r\/frais\/traiteur\/pates-fraiches-gnocchis-quenelles\/pates-fraiches"},{"name":"P\u00e2tes fra\u00eeches farcies","code":"R06F01SF07SS02","id":"28341","type":"RAYON","picto":null,"level":4,"sellerId":null,"slug":"pates-fraiches-farcies","selected":false,"children":null,"layers":"\/navigation\/28341\/layers","link":"\/r\/frais\/traiteur\/pates-fraiches-gnocchis-quenelles\/pates-fraiches-farcies"},{"name":"Gnocchis","code":"R06F01SF07SS03","id":"28342","type":"RAYON","picto":null,"level":4,"sellerId":null,"slug":"gnocchis","selected":false,"children":null,"layers":"\/navigation\/28342\/layers","link":"\/r\/frais\/traiteur\/pates-fraiches-gnocchis-quenelles\/gnocchis"},{"name":"Quenelles fra\u00eeches","code":"R06F01SF07SS04","id":"28343","type":"RAYON","picto":null,"level":4,"sellerId":null,"slug":"quenelles-fraiches","selected":false,"children":null,"layers":"\/navigation\/28343\/layers","link":"\/r\/frais\/traiteur\/pates-fraiches-gnocchis-quenelles\/quenelles-fraiches"}],"layers":"\/navigation\/28339\/layers","link":"\/r\/frais\/traiteur\/pates-fraiches-gnocchis-quenelles"},{"name":"Produits du monde","code":"R06F01SF08","id":"28344","type":"RAYON","picto":null,"level":3,"sellerId":null,"slug":"produits-du-monde","selected":false,"children":null,"layers":"\/navigation\/28344\/layers","link":"\/r\/frais\/traiteur\/produits-du-monde"},{"name":"Cordons bleus et Grignotes","code":"R06F01SF09","id":"28345","type":"RAYON","picto":null,"level":3,"sellerId":null,"slug":"cordons-bleus-grignotes","selected":false,"children":[{"name":"Cordons bleus","code":"R06F01SF09SS01","id":"28346","type":"RAYON","picto":null,"level":4,"sellerId":null,"slug":"cordons-bleus","selected":false,"children":null,"layers":"\/navigation\/28346\/layers","link":"\/r\/frais\/traiteur\/cordons-bleus-grignotes\/cordons-bleus"},{"name":"Nuggets","code":"R06F01SF09SS02","id":"28347","type":"RAYON","picto":null,"level":4,"sellerId":null,"slug":"nuggets","selected":false,"children":null,"layers":"\/navigation\/28347\/layers","link":"\/r\/frais\/traiteur\/cordons-bleus-grignotes\/nuggets"},{"name":"Grignottes","code":"R06F01SF09SS03","id":"28348","type":"RAYON","picto":null,"level":4,"sellerId":null,"slug":"grignottes","selected":false,"children":null,"layers":"\/navigation\/28348\/layers","link":"\/r\/frais\/traiteur\/cordons-bleus-grignotes\/grignottes"}],"layers":"\/navigation\/28345\/layers","link":"\/r\/frais\/traiteur\/cordons-bleus-grignotes"}],"layers":"\/navigation\/28133\/layers","link":"\/r\/frais\/traiteur"},{"name":"Fromages \u00e0 d\u00e9guster","code":"R06F02","id":"28129","type":"RAYON","picto":"https:\/\/media.carrefour.fr\/medias\/6654dedf70c235ab8dd892d72b533909\/p_96x96\/28129.jpg","level":2,"sellerId":null,"slug":"fromages-a-deguster","selected":false,"children":[{"name":"Fromages \u00e0 la coupe","code":"R06F02SF01","id":"28276","type":"RAYON","picto":null,"level":3,"sellerId":null,"slug":"fromages-coupe","selected":false,"children":[{"name":"Raclette, Tartiflette et Fondue","code":"R06F02SF01SS01","id":"28295","type":"RAYON","picto":null,"level":4,"sellerId":null,"slug":"raclette-tartiflette-fondue","selected":false,"children":null,"layers":"\/navigation\/28295\/layers","link":"\/r\/frais\/fromages-a-deguster\/fromages-coupe\/raclette-tartiflette-fondue"},{"name":"Emmental, Comt\u00e9 et Gouda","code":"R06F02SF01SS02","id":"28290","type":"RAYON","picto":null,"level":4,"sellerId":null,"slug":"emmental-comte-gouda","selected":false,"children":null,"layers":"\/navigation\/28290\/layers","link":"\/r\/frais\/fromages-a-deguster\/fromages-coupe\/emmental-comte-gouda"},{"name":"Camemberts, Coulommiers et Bries","code":"R06F02SF01SS03","id":"28291","type":"RAYON","picto":null,"level":4,"sellerId":null,"slug":"camemberts-coulommiers-bries","selected":false,"children":null,"layers":"\/navigation\/28291\/layers","link":"\/r\/frais\/fromages-a-deguster\/fromages-coupe\/camemberts-coulommiers-bries"},{"name":"Ch\u00e8vre et Brebis","code":"R06F02SF01SS04","id":"28292","type":"RAYON","picto":null,"level":4,"sellerId":null,"slug":"chevre-et-brebis","selected":false,"children":null,"layers":"\/navigation\/28292\/layers","link":"\/r\/frais\/fromages-a-deguster\/fromages-coupe\/chevre-et-brebis"},{"name":"Roqueforts et Bleus","code":"R06F02SF01SS05","id":"28293","type":"RAYON","picto":null,"level":4,"sellerId":null,"slug":"roqueforts-bleus","selected":false,"children":null,"layers":"\/navigation\/28293\/layers","link":"\/r\/frais\/fromages-a-deguster\/fromages-coupe\/roqueforts-bleus"},{"name":"Fromages de caract\u00e8re","code":"R06F02SF01SS06","id":"28294","type":"RAYON","picto":null,"level":4,"sellerId":null,"slug":"fromages-caractere","selected":false,"children":null,"layers":"\/navigation\/28294\/layers","link":"\/r\/frais\/fromages-a-deguster\/fromages-coupe\/fromages-caractere"},{"name":"Morbiers et Tommes","code":"R06F02SF01SS07","id":"28296","type":"RAYON","picto":null,"level":4,"sellerId":null,"slug":"morbiers-tommes","selected":false,"children":null,"layers":"\/navigation\/28296\/layers","link":"\/r\/frais\/fromages-a-deguster\/fromages-coupe\/morbiers-tommes"},{"name":"Autres fromages \u00e0 la coupe","code":"R06F02SF01SS08","id":"28297","type":"RAYON","picto":null,"level":4,"sellerId":null,"slug":"autres-fromages-coupe","selected":false,"children":null,"layers":"\/navigation\/28297\/layers","link":"\/r\/frais\/fromages-a-deguster\/fromages-coupe\/autres-fromages-coupe"}],"layers":"\/navigation\/28276\/layers","link":"\/r\/frais\/fromages-a-deguster\/fromages-coupe"},{"name":"Emmental, Comt\u00e9 et Gouda","code":"R06F02SF02","id":"28277","type":"RAYON","picto":null,"level":3,"sellerId":null,"slug":"emmental-comte-gouda","selected":false,"children":[{"name":"Emmental","code":"R06F02SF02SS01","id":"28298","type":"RAYON","picto":null,"level":4,"sellerId":null,"slug":"emmental","selected":false,"children":null,"layers":"\/navigation\/28298\/layers","link":"\/r\/frais\/fromages-a-deguster\/emmental-comte-gouda\/emmental"},{"name":"Comt\u00e9","code":"R06F02SF02SS02","id":"28299","type":"RAYON","picto":null,"level":4,"sellerId":null,"slug":"comte","selected":false,"children":null,"layers":"\/navigation\/28299\/layers","link":"\/r\/frais\/fromages-a-deguster\/emmental-comte-gouda\/comte"},{"name":"Gouda","code":"R06F02SF02SS03","id":"28300","type":"RAYON","picto":null,"level":4,"sellerId":null,"slug":"gouda","selected":false,"children":null,"layers":"\/navigation\/28300\/layers","link":"\/r\/frais\/fromages-a-deguster\/emmental-comte-gouda\/gouda"},{"name":"Cantal","code":"R06F02SF02SS04","id":"28301","type":"RAYON","picto":null,"level":4,"sellerId":null,"slug":"cantal","selected":false,"children":null,"layers":"\/navigation\/28301\/layers","link":"\/r\/frais\/fromages-a-deguster\/emmental-comte-gouda\/cantal"},{"name":"Mimolette","code":"R06F02SF02SS05","id":"28302","type":"RAYON","picto":null,"level":4,"sellerId":null,"slug":"mimolette","selected":false,"children":null,"layers":"\/navigation\/28302\/layers","link":"\/r\/frais\/fromages-a-deguster\/emmental-comte-gouda\/mimolette"},{"name":"Cheddar","code":"R06F02SF02SS06","id":"28303","type":"RAYON","picto":null,"level":4,"sellerId":null,"slug":"cheddar","selected":false,"children":null,"layers":"\/navigation\/28303\/layers","link":"\/r\/frais\/fromages-a-deguster\/emmental-comte-gouda\/cheddar"}],"layers":"\/navigation\/28277\/layers","link":"\/r\/frais\/fromages-a-deguster\/emmental-comte-gouda"},{"name":"Camemberts, Coulommiers et Bries","code":"R06F02SF03","id":"28278","type":"RAYON","picto":null,"level":3,"sellerId":null,"slug":"camemberts-coulommiers-bries","selected":false,"children":[{"name":"Camemberts","code":"R06F02SF03SS01","id":"28304","type":"RAYON","picto":null,"level":4,"sellerId":null,"slug":"camemberts","selected":false,"children":null,"layers":"\/navigation\/28304\/layers","link":"\/r\/frais\/fromages-a-deguster\/camemberts-coulommiers-bries\/camemberts"},{"name":"Couloummiers","code":"R06F02SF03SS02","id":"28305","type":"RAYON","picto":null,"level":4,"sellerId":null,"slug":"couloummiers","selected":false,"children":null,"layers":"\/navigation\/28305\/layers","link":"\/r\/frais\/fromages-a-deguster\/camemberts-coulommiers-bries\/couloummiers"},{"name":"Bries","code":"R06F02SF03SS03","id":"28306","type":"RAYON","picto":null,"level":4,"sellerId":null,"slug":"bries","selected":false,"children":null,"layers":"\/navigation\/28306\/layers","link":"\/r\/frais\/fromages-a-deguster\/camemberts-coulommiers-bries\/bries"},{"name":"Sp\u00e9cialit\u00e9s cr\u00e9meuses","code":"R06F02SF03SS04","id":"28557","type":"RAYON","picto":null,"level":4,"sellerId":null,"slug":"specialites-cremeuses","selected":false,"children":null,"layers":"\/navigation\/28557\/layers","link":"\/r\/frais\/fromages-a-deguster\/camemberts-coulommiers-bries\/specialites-cremeuses"}],"layers":"\/navigation\/28278\/layers","link":"\/r\/frais\/fromages-a-deguster\/camemberts-coulommiers-bries"},{"name":"Ch\u00e8vre et Brebis","code":"R06F02SF04","id":"28279","type":"RAYON","picto":null,"level":3,"sellerId":null,"slug":"chevre-et-brebis","selected":false,"children":[{"name":"Ch\u00e8vre","code":"R06F02SF04SS01","id":"28307","type":"RAYON","picto":null,"level":4,"sellerId":null,"slug":"chevre","selected":false,"children":null,"layers":"\/navigation\/28307\/layers","link":"\/r\/frais\/fromages-a-deguster\/chevre-et-brebis\/chevre"},{"name":"Brebis","code":"R06F02SF04SS02","id":"28308","type":"RAYON","picto":null,"level":4,"sellerId":null,"slug":"brebis","selected":false,"children":null,"layers":"\/navigation\/28308\/layers","link":"\/r\/frais\/fromages-a-deguster\/chevre-et-brebis\/brebis"}],"layers":"\/navigation\/28279\/layers","link":"\/r\/frais\/fromages-a-deguster\/chevre-et-brebis"},{"name":"Roqueforts et Bleus","code":"R06F02SF05","id":"28280","type":"RAYON","picto":null,"level":3,"sellerId":null,"slug":"roqueforts-bleus","selected":false,"children":[{"name":"Roqueforts","code":"R06F02SF05SS01","id":"28309","type":"RAYON","picto":null,"level":4,"sellerId":null,"slug":"roqueforts","selected":false,"children":null,"layers":"\/navigation\/28309\/layers","link":"\/r\/frais\/fromages-a-deguster\/roqueforts-bleus\/roqueforts"},{"name":"Bleus","code":"R06F02SF05SS02","id":"28310","type":"RAYON","picto":null,"level":4,"sellerId":null,"slug":"bleus","selected":false,"children":null,"layers":"\/navigation\/28310\/layers","link":"\/r\/frais\/fromages-a-deguster\/roqueforts-bleus\/bleus"}],"layers":"\/navigation\/28280\/layers","link":"\/r\/frais\/fromages-a-deguster\/roqueforts-bleus"},{"name":"Fromages de caract\u00e8re","code":"R06F02SF06","id":"28281","type":"RAYON","picto":null,"level":3,"sellerId":null,"slug":"fromages-caractere","selected":false,"children":null,"layers":"\/navigation\/28281\/layers","link":"\/r\/frais\/fromages-a-deguster\/fromages-caractere"},{"name":"Fromages enfants","code":"R06F02SF07","id":"28282","type":"RAYON","picto":null,"level":3,"sellerId":null,"slug":"fromages-enfants","selected":false,"children":null,"layers":"\/navigation\/28282\/layers","link":"\/r\/frais\/fromages-a-deguster\/fromages-enfants"},{"name":"Fromages all\u00e9g\u00e9s","code":"R06F02SF08","id":"28283","type":"RAYON","picto":null,"level":3,"sellerId":null,"slug":"fromages-alleges","selected":false,"children":null,"layers":"\/navigation\/28283\/layers","link":"\/r\/frais\/fromages-a-deguster\/fromages-alleges"}],"layers":"\/navigation\/28129\/layers","link":"\/r\/frais\/fromages-a-deguster"},{"name":"Fromages \u00e0 cuisiner et Raclette","code":"R06F03","id":"28130","type":"RAYON","picto":"https:\/\/media.carrefour.fr\/medias\/364fdfe83113323e9f09bc9c06c288fe\/p_96x96\/28130.jpg","level":2,"sellerId":null,"slug":"fromages-a-cuisiner-aperitifs","selected":false,"children":[{"name":"Raclette, Tartiflette et Fondue","code":"R06F03SF01","id":"28289","type":"RAYON","picto":null,"level":3,"sellerId":null,"slug":"raclette-tartiflette-fondue","selected":false,"children":[{"name":"Raclette","code":"R06F03SF01SS01","id":"28315","type":"RAYON","picto":null,"level":4,"sellerId":null,"slug":"raclette","selected":false,"children":null,"layers":"\/navigation\/28315\/layers","link":"\/r\/frais\/fromages-a-cuisiner-aperitifs\/raclette-tartiflette-fondue\/raclette"},{"name":"Tartiflette","code":"R06F03SF01SS02","id":"28316","type":"RAYON","picto":null,"level":4,"sellerId":null,"slug":"tartiflette","selected":false,"children":null,"layers":"\/navigation\/28316\/layers","link":"\/r\/frais\/fromages-a-cuisiner-aperitifs\/raclette-tartiflette-fondue\/tartiflette"},{"name":"Fondue","code":"R06F03SF01SS03","id":"28317","type":"RAYON","picto":null,"level":4,"sellerId":null,"slug":"fondue","selected":false,"children":null,"layers":"\/navigation\/28317\/layers","link":"\/r\/frais\/fromages-a-cuisiner-aperitifs\/raclette-tartiflette-fondue\/fondue"}],"layers":"\/navigation\/28289\/layers","link":"\/r\/frais\/fromages-a-cuisiner-aperitifs\/raclette-tartiflette-fondue"},{"name":"Fromages ap\u00e9ritifs et Salades","code":"R06F03SF02","id":"28285","type":"RAYON","picto":null,"level":3,"sellerId":null,"slug":"fromages-aperitifs-salades","selected":false,"children":null,"layers":"\/navigation\/28285\/layers","link":"\/r\/frais\/fromages-a-cuisiner-aperitifs\/fromages-aperitifs-salades"},{"name":"Fromages r\u00e2p\u00e9s","code":"R06F03SF03","id":"28286","type":"RAYON","picto":null,"level":3,"sellerId":null,"slug":"fromages-rapes","selected":false,"children":null,"layers":"\/navigation\/28286\/layers","link":"\/r\/frais\/fromages-a-cuisiner-aperitifs\/fromages-rapes"},{"name":"Fromages sandwich et burger","code":"R06F03SF04","id":"28287","type":"RAYON","picto":null,"level":3,"sellerId":null,"slug":"fromages-sandwich-burger","selected":false,"children":null,"layers":"\/navigation\/28287\/layers","link":"\/r\/frais\/fromages-a-cuisiner-aperitifs\/fromages-sandwich-burger"},{"name":"Fromages \u00e0 tartiner","code":"R06F03SF05","id":"28288","type":"RAYON","picto":null,"level":3,"sellerId":null,"slug":"fromages-tartiner","selected":false,"children":null,"layers":"\/navigation\/28288\/layers","link":"\/r\/frais\/fromages-a-cuisiner-aperitifs\/fromages-tartiner"},{"name":"Mozza, Feta et Mascarpone","code":"R06F03SF06","id":"28284","type":"RAYON","picto":null,"level":3,"sellerId":null,"slug":"mozza-feta-mascarpone","selected":false,"children":[{"name":"Mozzarella","code":"R06F03SF06SS01","id":"28311","type":"RAYON","picto":null,"level":4,"sellerId":null,"slug":"mozzarella","selected":false,"children":null,"layers":"\/navigation\/28311\/layers","link":"\/r\/frais\/fromages-a-cuisiner-aperitifs\/mozza-feta-mascarpone\/mozzarella"},{"name":"Feta","code":"R06F03SF06SS02","id":"28312","type":"RAYON","picto":null,"level":4,"sellerId":null,"slug":"feta","selected":false,"children":null,"layers":"\/navigation\/28312\/layers","link":"\/r\/frais\/fromages-a-cuisiner-aperitifs\/mozza-feta-mascarpone\/feta"},{"name":"Mascarpone","code":"R06F03SF06SS03","id":"28313","type":"RAYON","picto":null,"level":4,"sellerId":null,"slug":"mascarpone","selected":false,"children":null,"layers":"\/navigation\/28313\/layers","link":"\/r\/frais\/fromages-a-cuisiner-aperitifs\/mozza-feta-mascarpone\/mascarpone"},{"name":"Ricotta","code":"R06F03SF06SS04","id":"28314","type":"RAYON","picto":null,"level":4,"sellerId":null,"slug":"ricotta","selected":false,"children":null,"layers":"\/navigation\/28314\/layers","link":"\/r\/frais\/fromages-a-cuisiner-aperitifs\/mozza-feta-mascarpone\/ricotta"}],"layers":"\/navigation\/28284\/layers","link":"\/r\/frais\/fromages-a-cuisiner-aperitifs\/mozza-feta-mascarpone"}],"layers":"\/navigation\/28130\/layers","link":"\/r\/frais\/fromages-a-cuisiner-aperitifs"},{"name":"Charcuterie et Foies gras","code":"R06F04","id":"28132","type":"RAYON","picto":"https:\/\/media.carrefour.fr\/medias\/ef25456d8f3e3d0eb2837b26739365b2\/p_96x96\/28132.jpg","level":2,"sellerId":null,"slug":"charcuterie","selected":false,"children":[{"name":"P\u00e2t\u00e9s, Rillettes et Foies gras","code":"R06F04SF01","id":"28185","type":"RAYON","picto":null,"level":3,"sellerId":null,"slug":"pates-rillettes-foies-gras","selected":false,"children":[{"name":"Foies gras","code":"R06F04SF01SS01","id":"28202","type":"RAYON","picto":null,"level":4,"sellerId":null,"slug":"foies-gras","selected":false,"children":null,"layers":"\/navigation\/28202\/layers","link":"\/r\/frais\/charcuterie\/pates-rillettes-foies-gras\/foies-gras"},{"name":"P\u00e2t\u00e9s","code":"R06F04SF01SS02","id":"28200","type":"RAYON","picto":null,"level":4,"sellerId":null,"slug":"pates","selected":false,"children":null,"layers":"\/navigation\/28200\/layers","link":"\/r\/frais\/charcuterie\/pates-rillettes-foies-gras\/pates"},{"name":"Rillettes","code":"R06F04SF01SS03","id":"28201","type":"RAYON","picto":null,"level":4,"sellerId":null,"slug":"rillettes","selected":false,"children":null,"layers":"\/navigation\/28201\/layers","link":"\/r\/frais\/charcuterie\/pates-rillettes-foies-gras\/rillettes"}],"layers":"\/navigation\/28185\/layers","link":"\/r\/frais\/charcuterie\/pates-rillettes-foies-gras"},{"name":"Charcuterie \u00e0 la coupe","code":"R06F04SF02","id":"28180","type":"RAYON","picto":null,"level":3,"sellerId":null,"slug":"charcuterie-coupe","selected":false,"children":[{"name":"P\u00e2t\u00e9s, Rillettes et Foies gras","code":"R06F04SF02SS01","id":"28191","type":"RAYON","picto":null,"level":4,"sellerId":null,"slug":"pates-rillettes-foies-gras","selected":false,"children":null,"layers":"\/navigation\/28191\/layers","link":"\/r\/frais\/charcuterie\/charcuterie-coupe\/pates-rillettes-foies-gras"},{"name":"Jambons blancs et R\u00f4tis","code":"R06F04SF02SS02","id":"28188","type":"RAYON","picto":null,"level":4,"sellerId":null,"slug":"jambons-blancs-rotis","selected":false,"children":null,"layers":"\/navigation\/28188\/layers","link":"\/r\/frais\/charcuterie\/charcuterie-coupe\/jambons-blancs-rotis"},{"name":"Jambons crus et Charcuteries tranch\u00e9es","code":"R06F04SF02SS03","id":"28189","type":"RAYON","picto":null,"level":4,"sellerId":null,"slug":"jambons-crus-charcuteries-tranchees","selected":false,"children":null,"layers":"\/navigation\/28189\/layers","link":"\/r\/frais\/charcuterie\/charcuterie-coupe\/jambons-crus-charcuteries-tranchees"},{"name":"Saucissons et Chorizos","code":"R06F04SF02SS04","id":"28190","type":"RAYON","picto":null,"level":4,"sellerId":null,"slug":"saucissons-chorizos","selected":false,"children":null,"layers":"\/navigation\/28190\/layers","link":"\/r\/frais\/charcuterie\/charcuterie-coupe\/saucissons-chorizos"},{"name":"Saucisses, Boudins et Andouilles","code":"R06F04SF02SS05","id":"28192","type":"RAYON","picto":null,"level":4,"sellerId":null,"slug":"saucisses-boudins-andouilles","selected":false,"children":null,"layers":"\/navigation\/28192\/layers","link":"\/r\/frais\/charcuterie\/charcuterie-coupe\/saucisses-boudins-andouilles"}],"layers":"\/navigation\/28180\/layers","link":"\/r\/frais\/charcuterie\/charcuterie-coupe"},{"name":"Jambons crus et Charcuteries tranch\u00e9es","code":"R06F04SF03","id":"28182","type":"RAYON","picto":null,"level":3,"sellerId":null,"slug":"jambons-crus-charcuteries-tranchees","selected":false,"children":[{"name":"Jambons crus et secs","code":"R06F04SF03SS01","id":"28196","type":"RAYON","picto":null,"level":4,"sellerId":null,"slug":"jambons-crus-secs","selected":false,"children":null,"layers":"\/navigation\/28196\/layers","link":"\/r\/frais\/charcuterie\/jambons-crus-charcuteries-tranchees\/jambons-crus-secs"},{"name":"Bacon, Rosette et Salami","code":"R06F04SF03SS02","id":"28257","type":"RAYON","picto":null,"level":4,"sellerId":null,"slug":"bacon-rosette-salami","selected":false,"children":null,"layers":"\/navigation\/28257\/layers","link":"\/r\/frais\/charcuterie\/jambons-crus-charcuteries-tranchees\/bacon-rosette-salami"},{"name":"Grison, Pancetta et Coppa","code":"R06F04SF03SS03","id":"28258","type":"RAYON","picto":null,"level":4,"sellerId":null,"slug":"grison-pancetta-coppa","selected":false,"children":null,"layers":"\/navigation\/28258\/layers","link":"\/r\/frais\/charcuterie\/jambons-crus-charcuteries-tranchees\/grison-pancetta-coppa"},{"name":"Plateaux de charcuterie","code":"R06F04SF03SS04","id":"28318","type":"RAYON","picto":null,"level":4,"sellerId":null,"slug":"plateaux-charcuterie","selected":false,"children":null,"layers":"\/navigation\/28318\/layers","link":"\/r\/frais\/charcuterie\/jambons-crus-charcuteries-tranchees\/plateaux-charcuterie"}],"layers":"\/navigation\/28182\/layers","link":"\/r\/frais\/charcuterie\/jambons-crus-charcuteries-tranchees"},{"name":"Jambons blancs et R\u00f4tis","code":"R06F04SF04","id":"28181","type":"RAYON","picto":null,"level":3,"sellerId":null,"slug":"jambons-blancs-rotis","selected":false,"children":[{"name":"Jambons blancs","code":"R06F04SF04SS01","id":"28193","type":"RAYON","picto":null,"level":4,"sellerId":null,"slug":"jambons-blancs","selected":false,"children":null,"layers":"\/navigation\/28193\/layers","link":"\/r\/frais\/charcuterie\/jambons-blancs-rotis\/jambons-blancs"},{"name":"R\u00f4tis","code":"R06F04SF04SS02","id":"28194","type":"RAYON","picto":null,"level":4,"sellerId":null,"slug":"rotis","selected":false,"children":null,"layers":"\/navigation\/28194\/layers","link":"\/r\/frais\/charcuterie\/jambons-blancs-rotis\/rotis"},{"name":"Volaille","code":"R06F04SF04SS03","id":"28195","type":"RAYON","picto":null,"level":4,"sellerId":null,"slug":"volaille","selected":false,"children":null,"layers":"\/navigation\/28195\/layers","link":"\/r\/frais\/charcuterie\/jambons-blancs-rotis\/volaille"}],"layers":"\/navigation\/28181\/layers","link":"\/r\/frais\/charcuterie\/jambons-blancs-rotis"},{"name":"Lardons et D\u00e9s","code":"R06F04SF05","id":"28183","type":"RAYON","picto":null,"level":3,"sellerId":null,"slug":"lardons-des","selected":false,"children":null,"layers":"\/navigation\/28183\/layers","link":"\/r\/frais\/charcuterie\/lardons-des"},{"name":"Saucissons et Chorizos","code":"R06F04SF06","id":"28184","type":"RAYON","picto":null,"level":3,"sellerId":null,"slug":"saucissons-chorizos","selected":false,"children":[{"name":"Saucissons","code":"R06F04SF06SS01","id":"28198","type":"RAYON","picto":null,"level":4,"sellerId":null,"slug":"saucissons","selected":false,"children":null,"layers":"\/navigation\/28198\/layers","link":"\/r\/frais\/charcuterie\/saucissons-chorizos\/saucissons"},{"name":"Saucisses s\u00e8ches et Fuets","code":"R06F04SF06SS02","id":"28319","type":"RAYON","picto":null,"level":4,"sellerId":null,"slug":"saucisses-seches-fuets","selected":false,"children":null,"layers":"\/navigation\/28319\/layers","link":"\/r\/frais\/charcuterie\/saucissons-chorizos\/saucisses-seches-fuets"},{"name":"Chorizos","code":"R06F04SF06SS03","id":"28199","type":"RAYON","picto":null,"level":4,"sellerId":null,"slug":"chorizos","selected":false,"children":null,"layers":"\/navigation\/28199\/layers","link":"\/r\/frais\/charcuterie\/saucissons-chorizos\/chorizos"}],"layers":"\/navigation\/28184\/layers","link":"\/r\/frais\/charcuterie\/saucissons-chorizos"},{"name":"Knacks, Saucisses et Boudins","code":"R06F04SF07","id":"28186","type":"RAYON","picto":null,"level":3,"sellerId":null,"slug":"knacks-saucisses-boudins","selected":false,"children":[{"name":"Knacks","code":"R06F04SF07SS01","id":"28320","type":"RAYON","picto":null,"level":4,"sellerId":null,"slug":"knacks","selected":false,"children":null,"layers":"\/navigation\/28320\/layers","link":"\/r\/frais\/charcuterie\/knacks-saucisses-boudins\/knacks"},{"name":"Saucisses","code":"R06F04SF07SS02","id":"28321","type":"RAYON","picto":null,"level":4,"sellerId":null,"slug":"saucisses","selected":false,"children":null,"layers":"\/navigation\/28321\/layers","link":"\/r\/frais\/charcuterie\/knacks-saucisses-boudins\/saucisses"},{"name":"Boudins","code":"R06F04SF07SS03","id":"28322","type":"RAYON","picto":null,"level":4,"sellerId":null,"slug":"boudins","selected":false,"children":null,"layers":"\/navigation\/28322\/layers","link":"\/r\/frais\/charcuterie\/knacks-saucisses-boudins\/boudins"},{"name":"Andouillettes","code":"R06F04SF07SS04","id":"28323","type":"RAYON","picto":null,"level":4,"sellerId":null,"slug":"andouillettes","selected":false,"children":null,"layers":"\/navigation\/28323\/layers","link":"\/r\/frais\/charcuterie\/knacks-saucisses-boudins\/andouillettes"},{"name":"Tripes","code":"R06F04SF07SS05","id":"28324","type":"RAYON","picto":null,"level":4,"sellerId":null,"slug":"tripes","selected":false,"children":null,"layers":"\/navigation\/28324\/layers","link":"\/r\/frais\/charcuterie\/knacks-saucisses-boudins\/tripes"}],"layers":"\/navigation\/28186\/layers","link":"\/r\/frais\/charcuterie\/knacks-saucisses-boudins"},{"name":"Charcuterie halal","code":"R06F04SF08","id":"28325","type":"RAYON","picto":null,"level":3,"sellerId":null,"slug":"charcuterie-halal","selected":false,"children":null,"layers":"\/navigation\/28325\/layers","link":"\/r\/frais\/charcuterie\/charcuterie-halal"}],"layers":"\/navigation\/28132\/layers","link":"\/r\/frais\/charcuterie"},{"name":"Cr\u00e8merie","code":"R06F05","id":"28128","type":"RAYON","picto":"https:\/\/media.carrefour.fr\/medias\/a24593ad38c73a509960928681e82736\/p_96x96\/28128.jpg","level":2,"sellerId":null,"slug":"cremerie","selected":false,"children":[{"name":"\u0152ufs","code":"R06F05SF01","id":"28143","type":"RAYON","picto":null,"level":3,"sellerId":null,"slug":"oeufs","selected":false,"children":[{"name":"Oeufs de plein air","code":"R06F05SF01SS01","id":"28226","type":"RAYON","picto":null,"level":4,"sellerId":null,"slug":"oeufs-plein-air","selected":false,"children":null,"layers":"\/navigation\/28226\/layers","link":"\/r\/frais\/cremerie\/oeufs\/oeufs-plein-air"},{"name":"Oeufs bio","code":"R06F05SF01SS02","id":"28227","type":"RAYON","picto":null,"level":4,"sellerId":null,"slug":"oeufs-bio","selected":false,"children":null,"layers":"\/navigation\/28227\/layers","link":"\/r\/frais\/cremerie\/oeufs\/oeufs-bio"},{"name":"Oeufs standards","code":"R06F05SF01SS03","id":"28228","type":"RAYON","picto":null,"level":4,"sellerId":null,"slug":"oeufs-standards","selected":false,"children":null,"layers":"\/navigation\/28228\/layers","link":"\/r\/frais\/cremerie\/oeufs\/oeufs-standards"}],"layers":"\/navigation\/28143\/layers","link":"\/r\/frais\/cremerie\/oeufs"},{"name":"Beurres","code":"R06F05SF02","id":"28135","type":"RAYON","picto":null,"level":3,"sellerId":null,"slug":"beurres","selected":false,"children":[{"name":"Beurres doux","code":"R06F05SF02SS01","id":"28136","type":"RAYON","picto":null,"level":4,"sellerId":null,"slug":"beurres-doux","selected":false,"children":null,"layers":"\/navigation\/28136\/layers","link":"\/r\/frais\/cremerie\/beurres\/beurres-doux"},{"name":"Beurres demi-sel","code":"R06F05SF02SS02","id":"28137","type":"RAYON","picto":null,"level":4,"sellerId":null,"slug":"beurres-demi-sel","selected":false,"children":null,"layers":"\/navigation\/28137\/layers","link":"\/r\/frais\/cremerie\/beurres\/beurres-demi-sel"},{"name":"Beurres barquettes","code":"R06F05SF02SS03","id":"28222","type":"RAYON","picto":null,"level":4,"sellerId":null,"slug":"beurres-barquettes","selected":false,"children":null,"layers":"\/navigation\/28222\/layers","link":"\/r\/frais\/cremerie\/beurres\/beurres-barquettes"},{"name":"Beurres moul\u00e9s","code":"R06F05SF02SS04","id":"28223","type":"RAYON","picto":null,"level":4,"sellerId":null,"slug":"beurres-moules","selected":false,"children":null,"layers":"\/navigation\/28223\/layers","link":"\/r\/frais\/cremerie\/beurres\/beurres-moules"},{"name":"Beurres plaquettes","code":"R06F05SF02SS05","id":"28224","type":"RAYON","picto":null,"level":4,"sellerId":null,"slug":"beurres-plaquettes","selected":false,"children":null,"layers":"\/navigation\/28224\/layers","link":"\/r\/frais\/cremerie\/beurres\/beurres-plaquettes"},{"name":"Mini-beurres","code":"R06F05SF02SS06","id":"28225","type":"RAYON","picto":null,"level":4,"sellerId":null,"slug":"mini-beurres","selected":false,"children":null,"layers":"\/navigation\/28225\/layers","link":"\/r\/frais\/cremerie\/beurres\/mini-beurres"}],"layers":"\/navigation\/28135\/layers","link":"\/r\/frais\/cremerie\/beurres"},{"name":"Margarines et Mati\u00e8res grasses","code":"R06F05SF03","id":"28138","type":"RAYON","picto":null,"level":3,"sellerId":null,"slug":"margarines-matieres-grasses","selected":false,"children":null,"layers":"\/navigation\/28138\/layers","link":"\/r\/frais\/cremerie\/margarines-matieres-grasses"},{"name":"Cr\u00e8mes et Chantilly","code":"R06F05SF04","id":"28139","type":"RAYON","picto":null,"level":3,"sellerId":null,"slug":"cremes-chantilly","selected":false,"children":[{"name":"Cr\u00e8mes \u00e9paisses","code":"R06F05SF04SS01","id":"28140","type":"RAYON","picto":null,"level":4,"sellerId":null,"slug":"cremes-epaisses","selected":false,"children":null,"layers":"\/navigation\/28140\/layers","link":"\/r\/frais\/cremerie\/cremes-chantilly\/cremes-epaisses"},{"name":"Cr\u00e8mes fluides","code":"R06F05SF04SS02","id":"28141","type":"RAYON","picto":null,"level":4,"sellerId":null,"slug":"cremes-fluides","selected":false,"children":null,"layers":"\/navigation\/28141\/layers","link":"\/r\/frais\/cremerie\/cremes-chantilly\/cremes-fluides"},{"name":"Chantilly et Cr\u00e8mes anglaises","code":"R06F05SF04SS03","id":"28142","type":"RAYON","picto":null,"level":4,"sellerId":null,"slug":"chantilly-cremes-anglaises","selected":false,"children":null,"layers":"\/navigation\/28142\/layers","link":"\/r\/frais\/cremerie\/cremes-chantilly\/chantilly-cremes-anglaises"}],"layers":"\/navigation\/28139\/layers","link":"\/r\/frais\/cremerie\/cremes-chantilly"},{"name":"Laits et Boissons v\u00e9g\u00e9tales","code":"R06F05SF05","id":"28144","type":"RAYON","picto":null,"level":3,"sellerId":null,"slug":"laits-boissons-vegetales","selected":false,"children":[{"name":"Lait demi-\u00e9cr\u00e9m\u00e9","code":"R06F05SF05SS01","id":"28145","type":"RAYON","picto":null,"level":4,"sellerId":null,"slug":"lait-demi-ecreme","selected":false,"children":null,"layers":"\/navigation\/28145\/layers","link":"\/r\/frais\/cremerie\/laits-boissons-vegetales\/lait-demi-ecreme"},{"name":"Lait \u00e9cr\u00e9m\u00e9","code":"R06F05SF05SS02","id":"28146","type":"RAYON","picto":null,"level":4,"sellerId":null,"slug":"lait-ecreme","selected":false,"children":null,"layers":"\/navigation\/28146\/layers","link":"\/r\/frais\/cremerie\/laits-boissons-vegetales\/lait-ecreme"},{"name":"Lait entier","code":"R06F05SF05SS03","id":"28147","type":"RAYON","picto":null,"level":4,"sellerId":null,"slug":"lait-entier","selected":false,"children":null,"layers":"\/navigation\/28147\/layers","link":"\/r\/frais\/cremerie\/laits-boissons-vegetales\/lait-entier"},{"name":"Lait aromatis\u00e9","code":"R06F05SF05SS04","id":"28148","type":"RAYON","picto":null,"level":4,"sellerId":null,"slug":"lait-aromatise","selected":false,"children":null,"layers":"\/navigation\/28148\/layers","link":"\/r\/frais\/cremerie\/laits-boissons-vegetales\/lait-aromatise"},{"name":"Lait de ch\u00e8vre et Brebis","code":"R06F05SF05SS05","id":"28149","type":"RAYON","picto":null,"level":4,"sellerId":null,"slug":"lait-chevre-brebis","selected":false,"children":null,"layers":"\/navigation\/28149\/layers","link":"\/r\/frais\/cremerie\/laits-boissons-vegetales\/lait-chevre-brebis"},{"name":"Lait frais","code":"R06F05SF05SS06","id":"28150","type":"RAYON","picto":null,"level":4,"sellerId":null,"slug":"lait-frais","selected":false,"children":null,"layers":"\/navigation\/28150\/layers","link":"\/r\/frais\/cremerie\/laits-boissons-vegetales\/lait-frais"},{"name":"Boissons v\u00e9g\u00e9tales","code":"R06F05SF05SS07","id":"28151","type":"RAYON","picto":null,"level":4,"sellerId":null,"slug":"boissons-vegetales","selected":false,"children":null,"layers":"\/navigation\/28151\/layers","link":"\/r\/frais\/cremerie\/laits-boissons-vegetales\/boissons-vegetales"}],"layers":"\/navigation\/28144\/layers","link":"\/r\/frais\/cremerie\/laits-boissons-vegetales"}],"layers":"\/navigation\/28128\/layers","link":"\/r\/frais\/cremerie"},{"name":"Yaourts et Desserts","code":"R06F06","id":"28131","type":"RAYON","picto":"https:\/\/media.carrefour.fr\/medias\/09aa5ea85235320b8fe82af9482be110\/p_96x96\/28131.jpg","level":2,"sellerId":null,"slug":"yaourts-desserts","selected":false,"children":[{"name":"Yaourts","code":"R06F06SF01","id":"28229","type":"RAYON","picto":null,"level":3,"sellerId":null,"slug":"yaourts","selected":false,"children":[{"name":"Yaourts natures","code":"R06F06SF01SS01","id":"28235","type":"RAYON","picto":null,"level":4,"sellerId":null,"slug":"yaourts-natures","selected":false,"children":null,"layers":"\/navigation\/28235\/layers","link":"\/r\/frais\/yaourts-desserts\/yaourts\/yaourts-natures"},{"name":"Yaourts aux fruits et ar\u00f4matis\u00e9s","code":"R06F06SF01SS02","id":"28236","type":"RAYON","picto":null,"level":4,"sellerId":null,"slug":"yaourts-aux-fruits-aromatises","selected":false,"children":null,"layers":"\/navigation\/28236\/layers","link":"\/r\/frais\/yaourts-desserts\/yaourts\/yaourts-aux-fruits-aromatises"},{"name":"Yaourts bifidus et bien-\u00eatre","code":"R06F06SF01SS03","id":"28237","type":"RAYON","picto":null,"level":4,"sellerId":null,"slug":"yaourts-bifidus-bien-etre","selected":false,"children":null,"layers":"\/navigation\/28237\/layers","link":"\/r\/frais\/yaourts-desserts\/yaourts\/yaourts-bifidus-bien-etre"},{"name":"Yaourts all\u00e9g\u00e9s et 0%","code":"R06F06SF01SS04","id":"28238","type":"RAYON","picto":null,"level":4,"sellerId":null,"slug":"yaourts-alleges","selected":false,"children":null,"layers":"\/navigation\/28238\/layers","link":"\/r\/frais\/yaourts-desserts\/yaourts\/yaourts-alleges"},{"name":"Yaourts ch\u00e8vre et brebis","code":"R06F06SF01SS05","id":"28239","type":"RAYON","picto":null,"level":4,"sellerId":null,"slug":"yaourts-chevre-brebis","selected":false,"children":null,"layers":"\/navigation\/28239\/layers","link":"\/r\/frais\/yaourts-desserts\/yaourts\/yaourts-chevre-brebis"},{"name":"Yaourts \u00e0 boire","code":"R06F06SF01SS06","id":"28240","type":"RAYON","picto":null,"level":4,"sellerId":null,"slug":"yaourts-a-boire","selected":false,"children":null,"layers":"\/navigation\/28240\/layers","link":"\/r\/frais\/yaourts-desserts\/yaourts\/yaourts-a-boire"}],"layers":"\/navigation\/28229\/layers","link":"\/r\/frais\/yaourts-desserts\/yaourts"},{"name":"Fromages blancs et Faisselles","code":"R06F06SF02","id":"28230","type":"RAYON","picto":null,"level":3,"sellerId":null,"slug":"fromages-blancs-faisselles","selected":false,"children":[{"name":"Fromages blancs natures","code":"R06F06SF02SS01","id":"28241","type":"RAYON","picto":null,"level":4,"sellerId":null,"slug":"fromages-blancs-natures","selected":false,"children":null,"layers":"\/navigation\/28241\/layers","link":"\/r\/frais\/yaourts-desserts\/fromages-blancs-faisselles\/fromages-blancs-natures"},{"name":"Fromages blancs aux fruits et ar\u00f4matis\u00e9s","code":"R06F06SF02SS02","id":"28242","type":"RAYON","picto":null,"level":4,"sellerId":null,"slug":"fromages-blancs-aux-fruits-aromatises","selected":false,"children":null,"layers":"\/navigation\/28242\/layers","link":"\/r\/frais\/yaourts-desserts\/fromages-blancs-faisselles\/fromages-blancs-aux-fruits-aromatises"},{"name":"Fromages blancs all\u00e9g\u00e9s et 0%","code":"R06F06SF02SS03","id":"28400","type":"RAYON","picto":null,"level":4,"sellerId":null,"slug":"fromages-blancs-alleges","selected":false,"children":null,"layers":"\/navigation\/28400\/layers","link":"\/r\/frais\/yaourts-desserts\/fromages-blancs-faisselles\/fromages-blancs-alleges"},{"name":"Faisselles","code":"R06F06SF02SS04","id":"28243","type":"RAYON","picto":null,"level":4,"sellerId":null,"slug":"faisselles","selected":false,"children":null,"layers":"\/navigation\/28243\/layers","link":"\/r\/frais\/yaourts-desserts\/fromages-blancs-faisselles\/faisselles"}],"layers":"\/navigation\/28230\/layers","link":"\/r\/frais\/yaourts-desserts\/fromages-blancs-faisselles"},{"name":"Yaourts et Desserts enfants","code":"R06F06SF03","id":"28231","type":"RAYON","picto":null,"level":3,"sellerId":null,"slug":"yaourts-desserts-enfants","selected":false,"children":[{"name":"Yaourts enfants","code":"R06F06SF03SS01","id":"28244","type":"RAYON","picto":null,"level":4,"sellerId":null,"slug":"yaourts-enfants","selected":false,"children":null,"layers":"\/navigation\/28244\/layers","link":"\/r\/frais\/yaourts-desserts\/yaourts-desserts-enfants\/yaourts-enfants"},{"name":"Petits suisses","code":"R06F06SF03SS02","id":"28245","type":"RAYON","picto":null,"level":4,"sellerId":null,"slug":"petits-suisses","selected":false,"children":null,"layers":"\/navigation\/28245\/layers","link":"\/r\/frais\/yaourts-desserts\/yaourts-desserts-enfants\/petits-suisses"},{"name":"Desserts enfants","code":"R06F06SF03SS03","id":"28246","type":"RAYON","picto":null,"level":4,"sellerId":null,"slug":"desserts-enfants","selected":false,"children":null,"layers":"\/navigation\/28246\/layers","link":"\/r\/frais\/yaourts-desserts\/yaourts-desserts-enfants\/desserts-enfants"},{"name":"Yaourts \u00e0 boire","code":"R06F06SF03SS04","id":"28401","type":"RAYON","picto":null,"level":4,"sellerId":null,"slug":"yaourts-a-boire","selected":false,"children":null,"layers":"\/navigation\/28401\/layers","link":"\/r\/frais\/yaourts-desserts\/yaourts-desserts-enfants\/yaourts-a-boire"}],"layers":"\/navigation\/28231\/layers","link":"\/r\/frais\/yaourts-desserts\/yaourts-desserts-enfants"},{"name":"Cr\u00e8mes desserts, Mousses et Li\u00e9geois","code":"R06F06SF04","id":"28232","type":"RAYON","picto":null,"level":3,"sellerId":null,"slug":"cremes-dessert-mousses-liegeois","selected":false,"children":[{"name":"Cr\u00e8mes desserts","code":"R06F06SF04SS01","id":"28247","type":"RAYON","picto":null,"level":4,"sellerId":null,"slug":"cremes-desserts","selected":false,"children":null,"layers":"\/navigation\/28247\/layers","link":"\/r\/frais\/yaourts-desserts\/cremes-dessert-mousses-liegeois\/cremes-desserts"},{"name":"Cr\u00e8mes aux oeufs","code":"R06F06SF04SS02","id":"28248","type":"RAYON","picto":null,"level":4,"sellerId":null,"slug":"cremes-aux-oeufs","selected":false,"children":null,"layers":"\/navigation\/28248\/layers","link":"\/r\/frais\/yaourts-desserts\/cremes-dessert-mousses-liegeois\/cremes-aux-oeufs"},{"name":"Mousses","code":"R06F06SF04SS03","id":"28249","type":"RAYON","picto":null,"level":4,"sellerId":null,"slug":"mousses","selected":false,"children":null,"layers":"\/navigation\/28249\/layers","link":"\/r\/frais\/yaourts-desserts\/cremes-dessert-mousses-liegeois\/mousses"},{"name":"Li\u00e9geois","code":"R06F06SF04SS04","id":"28250","type":"RAYON","picto":null,"level":4,"sellerId":null,"slug":"liegeois","selected":false,"children":null,"layers":"\/navigation\/28250\/layers","link":"\/r\/frais\/yaourts-desserts\/cremes-dessert-mousses-liegeois\/liegeois"}],"layers":"\/navigation\/28232\/layers","link":"\/r\/frais\/yaourts-desserts\/cremes-dessert-mousses-liegeois"},{"name":"Flans, Riz au lait et Semoules","code":"R06F06SF05","id":"28234","type":"RAYON","picto":null,"level":3,"sellerId":null,"slug":"flans-riz-au-lait-semoules","selected":false,"children":[{"name":"Flans","code":"R06F06SF05SS01","id":"28251","type":"RAYON","picto":null,"level":4,"sellerId":null,"slug":"flans","selected":false,"children":null,"layers":"\/navigation\/28251\/layers","link":"\/r\/frais\/yaourts-desserts\/flans-riz-au-lait-semoules\/flans"},{"name":"Riz au lait","code":"R06F06SF05SS02","id":"28252","type":"RAYON","picto":null,"level":4,"sellerId":null,"slug":"riz-au-lait","selected":false,"children":null,"layers":"\/navigation\/28252\/layers","link":"\/r\/frais\/yaourts-desserts\/flans-riz-au-lait-semoules\/riz-au-lait"},{"name":"Semoules au lait","code":"R06F06SF05SS03","id":"28253","type":"RAYON","picto":null,"level":4,"sellerId":null,"slug":"semoules-au-lait","selected":false,"children":null,"layers":"\/navigation\/28253\/layers","link":"\/r\/frais\/yaourts-desserts\/flans-riz-au-lait-semoules\/semoules-au-lait"}],"layers":"\/navigation\/28234\/layers","link":"\/r\/frais\/yaourts-desserts\/flans-riz-au-lait-semoules"},{"name":"Desserts p\u00e2tissiers et Italiens","code":"R06F06SF06","id":"28233","type":"RAYON","picto":null,"level":3,"sellerId":null,"slug":"desserts-patissiers-italiens","selected":false,"children":[{"name":"Iles flottantes","code":"R06F06SF06SS01","id":"28254","type":"RAYON","picto":null,"level":4,"sellerId":null,"slug":"iles-flottantes","selected":false,"children":null,"layers":"\/navigation\/28254\/layers","link":"\/r\/frais\/yaourts-desserts\/desserts-patissiers-italiens\/iles-flottantes"},{"name":"Desserts p\u00e2tissiers","code":"R06F06SF06SS02","id":"28255","type":"RAYON","picto":null,"level":4,"sellerId":null,"slug":"desserts-patissiers","selected":false,"children":null,"layers":"\/navigation\/28255\/layers","link":"\/r\/frais\/yaourts-desserts\/desserts-patissiers-italiens\/desserts-patissiers"},{"name":"Desserts italiens","code":"R06F06SF06SS03","id":"28256","type":"RAYON","picto":null,"level":4,"sellerId":null,"slug":"desserts-italiens","selected":false,"children":null,"layers":"\/navigation\/28256\/layers","link":"\/r\/frais\/yaourts-desserts\/desserts-patissiers-italiens\/desserts-italiens"}],"layers":"\/navigation\/28233\/layers","link":"\/r\/frais\/yaourts-desserts\/desserts-patissiers-italiens"},{"name":"Compotes fra\u00eeches","code":"R06F06SF07","id":"28178","type":"RAYON","picto":null,"level":3,"sellerId":null,"slug":"compotes-fraiches","selected":false,"children":null,"layers":"\/navigation\/28178\/layers","link":"\/r\/frais\/yaourts-desserts\/compotes-fraiches"},{"name":"Desserts v\u00e9g\u00e9taux","code":"R06F06SF08","id":"28179","type":"RAYON","picto":null,"level":3,"sellerId":null,"slug":"desserts-vegetaux","selected":false,"children":null,"layers":"\/navigation\/28179\/layers","link":"\/r\/frais\/yaourts-desserts\/desserts-vegetaux"}],"layers":"\/navigation\/28131\/layers","link":"\/r\/frais\/yaourts-desserts"},{"name":"Snacking et Plats cuisin\u00e9s","code":"R06F07","id":"28134","type":"RAYON","picto":"https:\/\/media.carrefour.fr\/medias\/928a23bedee535d9a0f7a7649c73a7e4\/p_96x96\/28134.jpg","level":2,"sellerId":null,"slug":"snacking-plats-cuisines","selected":false,"children":[{"name":"Salades ","code":"R06F07SF01","id":"28349","type":"RAYON","picto":null,"level":3,"sellerId":null,"slug":"salades","selected":false,"children":[{"name":"Salades repas","code":"R06F07SF01SS01","id":"28351","type":"RAYON","picto":null,"level":4,"sellerId":null,"slug":"salades-repas","selected":false,"children":null,"layers":"\/navigation\/28351\/layers","link":"\/r\/frais\/snacking-plats-cuisines\/salades\/salades-repas"},{"name":"Salades de crudit\u00e9s","code":"R06F07SF01SS02","id":"28352","type":"RAYON","picto":null,"level":4,"sellerId":null,"slug":"salades-crudites","selected":false,"children":null,"layers":"\/navigation\/28352\/layers","link":"\/r\/frais\/snacking-plats-cuisines\/salades\/salades-crudites"},{"name":"Pi\u00e9montaises et Taboul\u00e9s","code":"R06F07SF01SS03","id":"28353","type":"RAYON","picto":null,"level":4,"sellerId":null,"slug":"piemontaises-taboules","selected":false,"children":null,"layers":"\/navigation\/28353\/layers","link":"\/r\/frais\/snacking-plats-cuisines\/salades\/piemontaises-taboules"}],"layers":"\/navigation\/28349\/layers","link":"\/r\/frais\/snacking-plats-cuisines\/salades"},{"name":"Sandwichs","code":"R06F07SF02","id":"28350","type":"RAYON","picto":null,"level":3,"sellerId":null,"slug":"sandwichs","selected":false,"children":[{"name":"Club sandwichs","code":"R06F07SF02SS01","id":"28354","type":"RAYON","picto":null,"level":4,"sellerId":null,"slug":"club-sandwichs","selected":false,"children":null,"layers":"\/navigation\/28354\/layers","link":"\/r\/frais\/snacking-plats-cuisines\/sandwichs\/club-sandwichs"},{"name":"Sandwichs baguettes","code":"R06F07SF02SS02","id":"28355","type":"RAYON","picto":null,"level":4,"sellerId":null,"slug":"sandwichs-baguettes","selected":false,"children":null,"layers":"\/navigation\/28355\/layers","link":"\/r\/frais\/snacking-plats-cuisines\/sandwichs\/sandwichs-baguettes"},{"name":"Wraps","code":"R06F07SF02SS03","id":"28356","type":"RAYON","picto":null,"level":4,"sellerId":null,"slug":"wraps","selected":false,"children":null,"layers":"\/navigation\/28356\/layers","link":"\/r\/frais\/snacking-plats-cuisines\/sandwichs\/wraps"},{"name":"Sandwichs pains polaires","code":"R06F07SF02SS04","id":"28357","type":"RAYON","picto":null,"level":4,"sellerId":null,"slug":"sandwichs-pains-polaires","selected":false,"children":null,"layers":"\/navigation\/28357\/layers","link":"\/r\/frais\/snacking-plats-cuisines\/sandwichs\/sandwichs-pains-polaires"}],"layers":"\/navigation\/28350\/layers","link":"\/r\/frais\/snacking-plats-cuisines\/sandwichs"},{"name":"Burgers et Galettes","code":"R06F07SF03","id":"28358","type":"RAYON","picto":null,"level":3,"sellerId":null,"slug":"burgers-galettes","selected":false,"children":[{"name":"Burgers","code":"R06F07SF03SS01","id":"28359","type":"RAYON","picto":null,"level":4,"sellerId":null,"slug":"burgers","selected":false,"children":null,"layers":"\/navigation\/28359\/layers","link":"\/r\/frais\/snacking-plats-cuisines\/burgers-galettes\/burgers"},{"name":"Hot-dog","code":"R06F07SF03SS02","id":"28360","type":"RAYON","picto":null,"level":4,"sellerId":null,"slug":"hot-dog","selected":false,"children":null,"layers":"\/navigation\/28360\/layers","link":"\/r\/frais\/snacking-plats-cuisines\/burgers-galettes\/hot-dog"},{"name":"Galettes compos\u00e9es","code":"R06F07SF03SS03","id":"28361","type":"RAYON","picto":null,"level":4,"sellerId":null,"slug":"galettes-composees","selected":false,"children":null,"layers":"\/navigation\/28361\/layers","link":"\/r\/frais\/snacking-plats-cuisines\/burgers-galettes\/galettes-composees"}],"layers":"\/navigation\/28358\/layers","link":"\/r\/frais\/snacking-plats-cuisines\/burgers-galettes"},{"name":"Box de p\u00e2tes","code":"R06F07SF04","id":"28362","type":"RAYON","picto":null,"level":3,"sellerId":null,"slug":"box-pates","selected":false,"children":null,"layers":"\/navigation\/28362\/layers","link":"\/r\/frais\/snacking-plats-cuisines\/box-pates"},{"name":"Plats cuisin\u00e9s","code":"R06F07SF05","id":"28363","type":"RAYON","picto":null,"level":3,"sellerId":null,"slug":"plats-cuisines","selected":false,"children":[{"name":"Plats cuisin\u00e9s \u00e0 base de viande","code":"R06F07SF05SS01","id":"28364","type":"RAYON","picto":null,"level":4,"sellerId":null,"slug":"plats-cuisines-viande","selected":false,"children":null,"layers":"\/navigation\/28364\/layers","link":"\/r\/frais\/snacking-plats-cuisines\/plats-cuisines\/plats-cuisines-viande"},{"name":"Plats cuisin\u00e9s \u00e0 base de produits de la mer","code":"R06F07SF05SS02","id":"28365","type":"RAYON","picto":null,"level":4,"sellerId":null,"slug":"plats-cuisines-produits-mer","selected":false,"children":null,"layers":"\/navigation\/28365\/layers","link":"\/r\/frais\/snacking-plats-cuisines\/plats-cuisines\/plats-cuisines-produits-mer"},{"name":"Plats cuisin\u00e9s \u00e0 base de l\u00e9gumes","code":"R06F07SF05SS03","id":"28366","type":"RAYON","picto":null,"level":4,"sellerId":null,"slug":"plats-cuisines-legumes","selected":false,"children":null,"layers":"\/navigation\/28366\/layers","link":"\/r\/frais\/snacking-plats-cuisines\/plats-cuisines\/plats-cuisines-legumes"}],"layers":"\/navigation\/28363\/layers","link":"\/r\/frais\/snacking-plats-cuisines\/plats-cuisines"}],"layers":"\/navigation\/28134\/layers","link":"\/r\/frais\/snacking-plats-cuisines"},{"name":"V\u00e9g\u00e9tal","code":"R06F08","id":"28708","type":"RAYON","picto":null,"level":2,"sellerId":null,"slug":"vegetal","selected":false,"children":[{"name":"Desserts v\u00e9g\u00e9taux","code":"R06F08SF01","id":"28709","type":"RAYON","picto":null,"level":3,"sellerId":null,"slug":"desserts-vegetaux","selected":false,"children":[{"name":"Desserts natures","code":"R06F08SF01SS01","id":"28713","type":"RAYON","picto":null,"level":4,"sellerId":null,"slug":"desserts-natures","selected":false,"children":null,"layers":"\/navigation\/28713\/layers","link":"\/r\/frais\/vegetal\/desserts-vegetaux\/desserts-natures"},{"name":"Desserts aux fruits","code":"R06F08SF01SS02","id":"28714","type":"RAYON","picto":null,"level":4,"sellerId":null,"slug":"desserts-fruits","selected":false,"children":null,"layers":"\/navigation\/28714\/layers","link":"\/r\/frais\/vegetal\/desserts-vegetaux\/desserts-fruits"},{"name":"Desserts gourmands","code":"R06F08SF01SS03","id":"28715","type":"RAYON","picto":null,"level":4,"sellerId":null,"slug":"desserts-gourmands","selected":false,"children":null,"layers":"\/navigation\/28715\/layers","link":"\/r\/frais\/vegetal\/desserts-vegetaux\/desserts-gourmands"}],"layers":"\/navigation\/28709\/layers","link":"\/r\/frais\/vegetal\/desserts-vegetaux"},{"name":"Boissons v\u00e9g\u00e9tales","code":"R06F08SF02","id":"28710","type":"RAYON","picto":null,"level":3,"sellerId":null,"slug":"boissons-vegetales","selected":false,"children":[{"name":"Boisson v\u00e9g\u00e9tale amande ","code":"R06F08SF02SS01","id":"28716","type":"RAYON","picto":null,"level":4,"sellerId":null,"slug":"boisson-vegetale-amande","selected":false,"children":null,"layers":"\/navigation\/28716\/layers","link":"\/r\/frais\/vegetal\/boissons-vegetales\/boisson-vegetale-amande"},{"name":"Boisson v\u00e9g\u00e9tale soja","code":"R06F08SF02SS02","id":"28717","type":"RAYON","picto":null,"level":4,"sellerId":null,"slug":"boisson-vegetale-soja","selected":false,"children":null,"layers":"\/navigation\/28717\/layers","link":"\/r\/frais\/vegetal\/boissons-vegetales\/boisson-vegetale-soja"},{"name":"Boisson v\u00e9g\u00e9tale riz","code":"R06F08SF02SS03","id":"28718","type":"RAYON","picto":null,"level":4,"sellerId":null,"slug":"boisson-vegetale-riz","selected":false,"children":null,"layers":"\/navigation\/28718\/layers","link":"\/r\/frais\/vegetal\/boissons-vegetales\/boisson-vegetale-riz"},{"name":"Boisson v\u00e9g\u00e9tale avoine","code":"R06F08SF02SS04","id":"28719","type":"RAYON","picto":null,"level":4,"sellerId":null,"slug":"boisson-vegetale-avoine","selected":false,"children":null,"layers":"\/navigation\/28719\/layers","link":"\/r\/frais\/vegetal\/boissons-vegetales\/boisson-vegetale-avoine"},{"name":"Boisson v\u00e9g\u00e9tale noisette","code":"R06F08SF02SS05","id":"28720","type":"RAYON","picto":null,"level":4,"sellerId":null,"slug":"boisson-vegetale-noisette","selected":false,"children":null,"layers":"\/navigation\/28720\/layers","link":"\/r\/frais\/vegetal\/boissons-vegetales\/boisson-vegetale-noisette"},{"name":"Boisson v\u00e9g\u00e9tale coco","code":"R06F08SF02SS06","id":"28721","type":"RAYON","picto":null,"level":4,"sellerId":null,"slug":"boisson-vegetale-coco","selected":false,"children":null,"layers":"\/navigation\/28721\/layers","link":"\/r\/frais\/vegetal\/boissons-vegetales\/boisson-vegetale-coco"},{"name":"Boisson v\u00e9g\u00e9tale \u00e9peautre ","code":"R06F08SF02SS07","id":"28722","type":"RAYON","picto":null,"level":4,"sellerId":null,"slug":"boissons-vegetale-epeautre","selected":false,"children":null,"layers":"\/navigation\/28722\/layers","link":"\/r\/frais\/vegetal\/boissons-vegetales\/boissons-vegetale-epeautre"}],"layers":"\/navigation\/28710\/layers","link":"\/r\/frais\/vegetal\/boissons-vegetales"},{"name":"Traiteur v\u00e9g\u00e9tal","code":"R06F08SF03","id":"28711","type":"RAYON","picto":null,"level":3,"sellerId":null,"slug":"traiteur-vegetal","selected":false,"children":[{"name":"Steaks et Pan\u00e9s v\u00e9g\u00e9taux","code":"R06F08SF03SS01","id":"28728","type":"RAYON","picto":null,"level":4,"sellerId":null,"slug":"steaks-panes-vegetaux","selected":false,"children":null,"layers":"\/navigation\/28728\/layers","link":"\/r\/frais\/vegetal\/traiteur-vegetal\/steaks-panes-vegetaux"},{"name":"Plats cuisin\u00e9s","code":"R06F08SF03SS02","id":"28726","type":"RAYON","picto":null,"level":4,"sellerId":null,"slug":"plats-cuisines","selected":false,"children":null,"layers":"\/navigation\/28726\/layers","link":"\/r\/frais\/vegetal\/traiteur-vegetal\/plats-cuisines"},{"name":"Saucisses v\u00e9g\u00e9tales","code":"R06F08SF03SS03","id":"28727","type":"RAYON","picto":null,"level":4,"sellerId":null,"slug":"saucisses-vegetales","selected":false,"children":null,"layers":"\/navigation\/28727\/layers","link":"\/r\/frais\/vegetal\/traiteur-vegetal\/saucisses-vegetales"}],"layers":"\/navigation\/28711\/layers","link":"\/r\/frais\/vegetal\/traiteur-vegetal"},{"name":"Aide culinaire","code":"R06F08SF04","id":"28712","type":"RAYON","picto":null,"level":3,"sellerId":null,"slug":"aide-culinaire","selected":false,"children":null,"layers":"\/navigation\/28712\/layers","link":"\/r\/frais\/vegetal\/aide-culinaire"}],"layers":"\/navigation\/28708\/layers","link":"\/r\/frais\/vegetal"}],"layers":"\/navigation\/28127\/layers","link":"\/r\/frais"},{"name":"Surgel\u00e9s","code":"R07","id":"2074","type":"RAYON","picto":"https:\/\/media.carrefour.fr\/medias\/5586596a0fc730d5846de9a72d3cea57\/p_96x96\/2074.jpg","level":1,"sellerId":null,"slug":"surgeles","selected":false,"children":[{"name":"Surgel\u00e9 traiteur et B\u00fbches","code":"R07F01","id":"2099","type":"RAYON","picto":"https:\/\/media.carrefour.fr\/medias\/cc1a945b86a13408842ea6cc862b9efe\/p_96x96\/2099.jpg","level":2,"sellerId":null,"slug":"surgele-traiteur","selected":false,"children":[{"name":"Ap\u00e9ritifs","code":"R07F01SF01","id":"2100","type":"RAYON","picto":null,"level":3,"sellerId":null,"slug":"aperitifs","selected":false,"children":null,"layers":"\/navigation\/2100\/layers","link":"\/r\/surgeles\/surgele-traiteur\/aperitifs"},{"name":"Entr\u00e9es, Feuillet\u00e9s et Coquilles","code":"R07F01SF02","id":"2101","type":"RAYON","picto":null,"level":3,"sellerId":null,"slug":"entrees-feuilletes-et-coquilles","selected":false,"children":null,"layers":"\/navigation\/2101\/layers","link":"\/r\/surgeles\/surgele-traiteur\/entrees-feuilletes-et-coquilles"},{"name":"B\u00fbches, Viennoiseries et P\u00e2tisseries","code":"R07F01SF03","id":"2103","type":"RAYON","picto":null,"level":3,"sellerId":null,"slug":"pains-viennoiseries-et-patisseries","selected":false,"children":null,"layers":"\/navigation\/2103\/layers","link":"\/r\/surgeles\/surgele-traiteur\/pains-viennoiseries-et-patisseries"},{"name":"Burgers et Snacking","code":"R07F01SF04","id":"2102","type":"RAYON","picto":null,"level":3,"sellerId":null,"slug":"burger-et-snacking","selected":false,"children":null,"layers":"\/navigation\/2102\/layers","link":"\/r\/surgeles\/surgele-traiteur\/burger-et-snacking"}],"layers":"\/navigation\/2099\/layers","link":"\/r\/surgeles\/surgele-traiteur"},{"name":"Poissons et Crustac\u00e9s","code":"R07F02","id":"2089","type":"RAYON","picto":"https:\/\/media.carrefour.fr\/medias\/6cea453a084c30fe8534a86dc57212aa\/p_96x96\/2089.jpg","level":2,"sellerId":null,"slug":"poissons-et-crustaces","selected":false,"children":[{"name":"Poissons natures et cuisin\u00e9s","code":"R07F02SF01","id":"2090","type":"RAYON","picto":null,"level":3,"sellerId":null,"slug":"poissons-natures-et-cuisines","selected":false,"children":null,"layers":"\/navigation\/2090\/layers","link":"\/r\/surgeles\/poissons-et-crustaces\/poissons-natures-et-cuisines"},{"name":"Crustac\u00e9s et Mollusques","code":"R07F02SF02","id":"2091","type":"RAYON","picto":null,"level":3,"sellerId":null,"slug":"crustaces-et-mollusques","selected":false,"children":null,"layers":"\/navigation\/2091\/layers","link":"\/r\/surgeles\/poissons-et-crustaces\/crustaces-et-mollusques"}],"layers":"\/navigation\/2089\/layers","link":"\/r\/surgeles\/poissons-et-crustaces"},{"name":"Plats cuisin\u00e9s","code":"R07F03","id":"2075","type":"RAYON","picto":"https:\/\/media.carrefour.fr\/medias\/3846c27b60153c56a04e56b02bcf2ecd\/p_96x96\/2075.jpg","level":2,"sellerId":null,"slug":"plats-cuisines","selected":false,"children":[{"name":"Plats de viande et volaille","code":"R07F03SF01","id":"2076","type":"RAYON","picto":null,"level":3,"sellerId":null,"slug":"plats-de-viande-et-volaille","selected":false,"children":null,"layers":"\/navigation\/2076\/layers","link":"\/r\/surgeles\/plats-cuisines\/plats-de-viande-et-volaille"},{"name":"Plats de la mer","code":"R07F03SF02","id":"2077","type":"RAYON","picto":null,"level":3,"sellerId":null,"slug":"plats-de-la-mer","selected":false,"children":null,"layers":"\/navigation\/2077\/layers","link":"\/r\/surgeles\/plats-cuisines\/plats-de-la-mer"},{"name":"Parmentiers, Lasagnes et Gratins","code":"R07F03SF03","id":"2078","type":"RAYON","picto":null,"level":3,"sellerId":null,"slug":"parmentiers-lasagnes-et-gratins","selected":false,"children":null,"layers":"\/navigation\/2078\/layers","link":"\/r\/surgeles\/plats-cuisines\/parmentiers-lasagnes-et-gratins"},{"name":"Po\u00eal\u00e9es de l\u00e9gumes, P\u00e2tes et Pur\u00e9es","code":"R07F03SF04","id":"2079","type":"RAYON","picto":null,"level":3,"sellerId":null,"slug":"poeleespates-et-purees","selected":false,"children":null,"layers":"\/navigation\/2079\/layers","link":"\/r\/surgeles\/plats-cuisines\/poeleespates-et-purees"},{"name":"Quiches et Tartes","code":"R07F03SF05","id":"2080","type":"RAYON","picto":null,"level":3,"sellerId":null,"slug":"quiches-et-tartes","selected":false,"children":null,"layers":"\/navigation\/2080\/layers","link":"\/r\/surgeles\/plats-cuisines\/quiches-et-tartes"}],"layers":"\/navigation\/2075\/layers","link":"\/r\/surgeles\/plats-cuisines"},{"name":"Pomme de terre et Frites","code":"R07F04","id":"2096","type":"RAYON","picto":"https:\/\/media.carrefour.fr\/medias\/45a0775222303ed188f7aa90b1bee2c9\/p_96x96\/2096.jpg","level":2,"sellerId":null,"slug":"pomme-de-terre-et-frites","selected":false,"children":[{"name":"Frites","code":"R07F04SF01","id":"2097","type":"RAYON","picto":null,"level":3,"sellerId":null,"slug":"frites","selected":false,"children":null,"layers":"\/navigation\/2097\/layers","link":"\/r\/surgeles\/pomme-de-terre-et-frites\/frites"},{"name":"Pommes rissol\u00e9es, noisettes et rostis","code":"R07F04SF02","id":"2098","type":"RAYON","picto":null,"level":3,"sellerId":null,"slug":"pommes-rissolees-noisettes-et-rostis","selected":false,"children":null,"layers":"\/navigation\/2098\/layers","link":"\/r\/surgeles\/pomme-de-terre-et-frites\/pommes-rissolees-noisettes-et-rostis"}],"layers":"\/navigation\/2096\/layers","link":"\/r\/surgeles\/pomme-de-terre-et-frites"},{"name":"L\u00e9gumes et Fruits","code":"R07F05","id":"2092","type":"RAYON","picto":"https:\/\/media.carrefour.fr\/medias\/ab4d8e1c03ba3c32907900615981464b\/p_96x96\/2092.jpg","level":2,"sellerId":null,"slug":"legumes-et-fruits","selected":false,"children":[{"name":"L\u00e9gumes natures","code":"R07F05SF01","id":"2093","type":"RAYON","picto":null,"level":3,"sellerId":null,"slug":"legumes-natures","selected":false,"children":null,"layers":"\/navigation\/2093\/layers","link":"\/r\/surgeles\/legumes-et-fruits\/legumes-natures"},{"name":"Fruits et Coulis","code":"R07F05SF02","id":"2094","type":"RAYON","picto":null,"level":3,"sellerId":null,"slug":"fruits-et-coulis","selected":false,"children":null,"layers":"\/navigation\/2094\/layers","link":"\/r\/surgeles\/legumes-et-fruits\/fruits-et-coulis"},{"name":"Herbes aromatiques et Sauces","code":"R07F05SF03","id":"2095","type":"RAYON","picto":null,"level":3,"sellerId":null,"slug":"herbes-aromatiques-et-sauces","selected":false,"children":null,"layers":"\/navigation\/2095\/layers","link":"\/r\/surgeles\/legumes-et-fruits\/herbes-aromatiques-et-sauces"}],"layers":"\/navigation\/2092\/layers","link":"\/r\/surgeles\/legumes-et-fruits"},{"name":"Viande et Volaille","code":"R07F06","id":"2081","type":"RAYON","picto":"https:\/\/media.carrefour.fr\/medias\/9f611ddec308352a99f830f823eac655\/p_96x96\/2081.jpg","level":2,"sellerId":null,"slug":"viande-et-volaille","selected":false,"children":[{"name":"Steaks hach\u00e9s","code":"R07F06SF01","id":"2082","type":"RAYON","picto":null,"level":3,"sellerId":null,"slug":"steaks-haches","selected":false,"children":null,"layers":"\/navigation\/2082\/layers","link":"\/r\/surgeles\/viande-et-volaille\/steaks-haches"},{"name":"Viande hach\u00e9e et Boulettes","code":"R07F06SF02","id":"2083","type":"RAYON","picto":null,"level":3,"sellerId":null,"slug":"viande-hachee-et-boulettes","selected":false,"children":null,"layers":"\/navigation\/2083\/layers","link":"\/r\/surgeles\/viande-et-volaille\/viande-hachee-et-boulettes"},{"name":"Volailles","code":"R07F06SF03","id":"2085","type":"RAYON","picto":null,"level":3,"sellerId":null,"slug":"volailles","selected":false,"children":null,"layers":"\/navigation\/2085\/layers","link":"\/r\/surgeles\/viande-et-volaille\/volailles"},{"name":"Autres viandes","code":"R07F06SF04","id":"2084","type":"RAYON","picto":null,"level":3,"sellerId":null,"slug":"autres-viandes","selected":false,"children":null,"layers":"\/navigation\/2084\/layers","link":"\/r\/surgeles\/viande-et-volaille\/autres-viandes"}],"layers":"\/navigation\/2081\/layers","link":"\/r\/surgeles\/viande-et-volaille"},{"name":"Pan\u00e9s","code":"R07F07","id":"2086","type":"RAYON","picto":"https:\/\/media.carrefour.fr\/medias\/8f1bccd94a823a9ca4bf6dd8e22e7c1e\/p_96x96\/2086.jpg","level":2,"sellerId":null,"slug":"panes","selected":false,"children":[{"name":"Volaille pan\u00e9e","code":"R07F07SF01","id":"2087","type":"RAYON","picto":null,"level":3,"sellerId":null,"slug":"volaille-panee","selected":false,"children":null,"layers":"\/navigation\/2087\/layers","link":"\/r\/surgeles\/panes\/volaille-panee"},{"name":"Poisson pan\u00e9","code":"R07F07SF02","id":"2088","type":"RAYON","picto":null,"level":3,"sellerId":null,"slug":"poisson-pane","selected":false,"children":null,"layers":"\/navigation\/2088\/layers","link":"\/r\/surgeles\/panes\/poisson-pane"}],"layers":"\/navigation\/2086\/layers","link":"\/r\/surgeles\/panes"},{"name":"Pizzas","code":"R07F08","id":"2111","type":"RAYON","picto":"https:\/\/media.carrefour.fr\/medias\/c98c3e6057713124862281fe45ba61d4\/p_96x96\/2111.jpg","level":2,"sellerId":null,"slug":"pizzas","selected":false,"children":null,"layers":"\/navigation\/2111\/layers","link":"\/r\/surgeles\/pizzas"},{"name":"Glaces et Sorbets","code":"R07F09","id":"2104","type":"RAYON","picto":"https:\/\/media.carrefour.fr\/medias\/cbdb1f55420f3271bd62e592dc601ca7\/p_96x96\/2104.jpg","level":2,"sellerId":null,"slug":"glaces-et-sorbets","selected":false,"children":[{"name":"Cr\u00e8mes glac\u00e9es et Sorbets en bac","code":"R07F09SF01","id":"2105","type":"RAYON","picto":null,"level":3,"sellerId":null,"slug":"cremes-glacees-et-sorbets-en-bac","selected":false,"children":null,"layers":"\/navigation\/2105\/layers","link":"\/r\/surgeles\/glaces-et-sorbets\/cremes-glacees-et-sorbets-en-bac"},{"name":"Glaces en pot","code":"R07F09SF02","id":"2106","type":"RAYON","picto":null,"level":3,"sellerId":null,"slug":"glaces-en-pot","selected":false,"children":null,"layers":"\/navigation\/2106\/layers","link":"\/r\/surgeles\/glaces-et-sorbets\/glaces-en-pot"},{"name":"B\u00e2tonnets et Barres","code":"R07F09SF03","id":"2107","type":"RAYON","picto":null,"level":3,"sellerId":null,"slug":"batonnets-et-barres","selected":false,"children":null,"layers":"\/navigation\/2107\/layers","link":"\/r\/surgeles\/glaces-et-sorbets\/batonnets-et-barres"},{"name":"C\u00f4nes","code":"R07F09SF04","id":"2108","type":"RAYON","picto":null,"level":3,"sellerId":null,"slug":"cones","selected":false,"children":null,"layers":"\/navigation\/2108\/layers","link":"\/r\/surgeles\/glaces-et-sorbets\/cones"},{"name":"Minis (pots, c\u00f4nes, b\u00e2tonnets)","code":"R07F09SF05","id":"2109","type":"RAYON","picto":null,"level":3,"sellerId":null,"slug":"minis-pots-cones-batonnets","selected":false,"children":null,"layers":"\/navigation\/2109\/layers","link":"\/r\/surgeles\/glaces-et-sorbets\/minis-pots-cones-batonnets"},{"name":"Glaces enfant","code":"R07F09SF06","id":"2110","type":"RAYON","picto":null,"level":3,"sellerId":null,"slug":"glaces-enfant","selected":false,"children":null,"layers":"\/navigation\/2110\/layers","link":"\/r\/surgeles\/glaces-et-sorbets\/glaces-enfant"}],"layers":"\/navigation\/2104\/layers","link":"\/r\/surgeles\/glaces-et-sorbets"}],"layers":"\/navigation\/2074\/layers","link":"\/r\/surgeles"},{"name":"Epicerie sal\u00e9e","code":"R08","id":"2112","type":"RAYON","picto":"https:\/\/media.carrefour.fr\/medias\/e4d537e30ae43902b93147c989d2ad02\/p_96x96\/2112.jpg","level":1,"sellerId":null,"slug":"epicerie-salee","selected":false,"children":[{"name":"Conserves, Bocaux et Foies gras","code":"R08F01","id":"2132","type":"RAYON","picto":"https:\/\/media.carrefour.fr\/medias\/a98f11bcabc2362991b1a0d9bf2d9621\/p_96x96\/2132.jpg","level":2,"sellerId":null,"slug":"conserves-et-bocaux","selected":false,"children":[{"name":"P\u00e2t\u00e9s et Foies gras","code":"R08F01SF01","id":"2142","type":"RAYON","picto":null,"level":3,"sellerId":null,"slug":"pates-et-foies-gras","selected":false,"children":null,"layers":"\/navigation\/2142\/layers","link":"\/r\/epicerie-salee\/conserves-et-bocaux\/pates-et-foies-gras"},{"name":"Ma\u00efs, Asperges, Palmiers...","code":"R08F01SF02","id":"2133","type":"RAYON","picto":null,"level":3,"sellerId":null,"slug":"mais-asperges-palmiers","selected":false,"children":null,"layers":"\/navigation\/2133\/layers","link":"\/r\/epicerie-salee\/conserves-et-bocaux\/mais-asperges-palmiers"},{"name":"Mac\u00e9doines, Ratatouilles et Autres m\u00e9langes de l\u00e9gumes","code":"R08F01SF03","id":"2134","type":"RAYON","picto":null,"level":3,"sellerId":null,"slug":"macedoines-ratatouille-et-autres-melanges-de-legumes","selected":false,"children":null,"layers":"\/navigation\/2134\/layers","link":"\/r\/epicerie-salee\/conserves-et-bocaux\/macedoines-ratatouille-et-autres-melanges-de-legumes"},{"name":"Champignons et Tomates","code":"R08F01SF04","id":"2135","type":"RAYON","picto":null,"level":3,"sellerId":null,"slug":"champignons-et-tomates","selected":false,"children":null,"layers":"\/navigation\/2135\/layers","link":"\/r\/epicerie-salee\/conserves-et-bocaux\/champignons-et-tomates"},{"name":"L\u00e9gumes verts","code":"R08F01SF05","id":"2136","type":"RAYON","picto":null,"level":3,"sellerId":null,"slug":"legumes-verts","selected":false,"children":null,"layers":"\/navigation\/2136\/layers","link":"\/r\/epicerie-salee\/conserves-et-bocaux\/legumes-verts"},{"name":"Lentilles et L\u00e9gumes secs","code":"R08F01SF06","id":"2137","type":"RAYON","picto":null,"level":3,"sellerId":null,"slug":"lentilles-et-legumes-secs","selected":false,"children":null,"layers":"\/navigation\/2137\/layers","link":"\/r\/epicerie-salee\/conserves-et-bocaux\/lentilles-et-legumes-secs"},{"name":"Autres l\u00e9gumes","code":"R08F01SF07","id":"2138","type":"RAYON","picto":null,"level":3,"sellerId":null,"slug":"autres-legumes","selected":false,"children":null,"layers":"\/navigation\/2138\/layers","link":"\/r\/epicerie-salee\/conserves-et-bocaux\/autres-legumes"},{"name":"Thon","code":"R08F01SF08","id":"2139","type":"RAYON","picto":null,"level":3,"sellerId":null,"slug":"thon","selected":false,"children":null,"layers":"\/navigation\/2139\/layers","link":"\/r\/epicerie-salee\/conserves-et-bocaux\/thon"},{"name":"Sardines et Maquereaux","code":"R08F01SF09","id":"2140","type":"RAYON","picto":null,"level":3,"sellerId":null,"slug":"sardines-et-maquereaux","selected":false,"children":null,"layers":"\/navigation\/2140\/layers","link":"\/r\/epicerie-salee\/conserves-et-bocaux\/sardines-et-maquereaux"},{"name":"Salades, Rillettes et Autres poissons","code":"R08F01SF10","id":"2141","type":"RAYON","picto":null,"level":3,"sellerId":null,"slug":"salades-rillettes-et-autres-poissons","selected":false,"children":null,"layers":"\/navigation\/2141\/layers","link":"\/r\/epicerie-salee\/conserves-et-bocaux\/salades-rillettes-et-autres-poissons"}],"layers":"\/navigation\/2132\/layers","link":"\/r\/epicerie-salee\/conserves-et-bocaux"},{"name":"Pour l'ap\u00e9ritif","code":"R08F02","id":"2118","type":"RAYON","picto":"https:\/\/media.carrefour.fr\/medias\/38ebdf3129a035dbb260e1d9ef175fec\/p_96x96\/2118.jpg","level":2,"sellerId":null,"slug":"pour-laperitif","selected":false,"children":[{"name":"Chips","code":"R08F02SF01","id":"2119","type":"RAYON","picto":null,"level":3,"sellerId":null,"slug":"chips","selected":false,"children":[{"name":"Natures","code":"R08F02SF01SS01","id":"2120","type":"RAYON","picto":null,"level":4,"sellerId":null,"slug":"natures","selected":false,"children":null,"layers":"\/navigation\/2120\/layers","link":"\/r\/epicerie-salee\/pour-laperitif\/chips\/natures"},{"name":"Aromatis\u00e9es","code":"R08F02SF01SS02","id":"2121","type":"RAYON","picto":null,"level":4,"sellerId":null,"slug":"aromatisees","selected":false,"children":null,"layers":"\/navigation\/2121\/layers","link":"\/r\/epicerie-salee\/pour-laperitif\/chips\/aromatisees"}],"layers":"\/navigation\/2119\/layers","link":"\/r\/epicerie-salee\/pour-laperitif\/chips"},{"name":"Biscuits ap\u00e9ritifs","code":"R08F02SF02","id":"2122","type":"RAYON","picto":null,"level":3,"sellerId":null,"slug":"biscuits-aperitif","selected":false,"children":null,"layers":"\/navigation\/2122\/layers","link":"\/r\/epicerie-salee\/pour-laperitif\/biscuits-aperitif"},{"name":"Cacahu\u00e8tes, Pistaches ...","code":"R08F02SF03","id":"2123","type":"RAYON","picto":null,"level":3,"sellerId":null,"slug":"cacahuetes-pistaches","selected":false,"children":null,"layers":"\/navigation\/2123\/layers","link":"\/r\/epicerie-salee\/pour-laperitif\/cacahuetes-pistaches"},{"name":"Olives et Tartinables","code":"R08F02SF04","id":"2124","type":"RAYON","picto":null,"level":3,"sellerId":null,"slug":"olives-et-tartinables","selected":false,"children":null,"layers":"\/navigation\/2124\/layers","link":"\/r\/epicerie-salee\/pour-laperitif\/olives-et-tartinables"},{"name":"Tuiles et Tortillas","code":"R08F02SF05","id":"2125","type":"RAYON","picto":null,"level":3,"sellerId":null,"slug":"tuiles-et-tortillas","selected":false,"children":null,"layers":"\/navigation\/2125\/layers","link":"\/r\/epicerie-salee\/pour-laperitif\/tuiles-et-tortillas"}],"layers":"\/navigation\/2118\/layers","link":"\/r\/epicerie-salee\/pour-laperitif"},{"name":"Soupes et Croutons","code":"R08F03","id":"2113","type":"RAYON","picto":"https:\/\/media.carrefour.fr\/medias\/07a6e6e6e7d73e4187cbf34fc8febe7a\/p_96x96\/2113.jpg","level":2,"sellerId":null,"slug":"soupes-et-croutons","selected":false,"children":[{"name":"Soupes fra\u00eeches","code":"R08F03SF01","id":"2114","type":"RAYON","picto":null,"level":3,"sellerId":null,"slug":"soupes-fraiches","selected":false,"children":null,"layers":"\/navigation\/2114\/layers","link":"\/r\/epicerie-salee\/soupes-et-croutons\/soupes-fraiches"},{"name":"Soupes en brique","code":"R08F03SF02","id":"2115","type":"RAYON","picto":null,"level":3,"sellerId":null,"slug":"soupes-en-brique","selected":false,"children":null,"layers":"\/navigation\/2115\/layers","link":"\/r\/epicerie-salee\/soupes-et-croutons\/soupes-en-brique"},{"name":"Soupes d\u00e9shydrat\u00e9es","code":"R08F03SF03","id":"2116","type":"RAYON","picto":null,"level":3,"sellerId":null,"slug":"soupes-deshydratees","selected":false,"children":null,"layers":"\/navigation\/2116\/layers","link":"\/r\/epicerie-salee\/soupes-et-croutons\/soupes-deshydratees"},{"name":"Cro\u00fbtons","code":"R08F03SF04","id":"2117","type":"RAYON","picto":null,"level":3,"sellerId":null,"slug":"croutons","selected":false,"children":null,"layers":"\/navigation\/2117\/layers","link":"\/r\/epicerie-salee\/soupes-et-croutons\/croutons"}],"layers":"\/navigation\/2113\/layers","link":"\/r\/epicerie-salee\/soupes-et-croutons"},{"name":"Les plats cuisin\u00e9s","code":"R08F04","id":"2126","type":"RAYON","picto":"https:\/\/media.carrefour.fr\/medias\/38f5e1c7128536d0ba09f59e0b751caa\/p_96x96\/2126.jpg","level":2,"sellerId":null,"slug":"les-plats-cuisines","selected":false,"children":[{"name":"Plats individuels","code":"R08F04SF01","id":"2127","type":"RAYON","picto":null,"level":3,"sellerId":null,"slug":"plats-individuels","selected":false,"children":null,"layers":"\/navigation\/2127\/layers","link":"\/r\/epicerie-salee\/les-plats-cuisines\/plats-individuels"},{"name":"Raviolis et Cannellonis","code":"R08F04SF02","id":"2128","type":"RAYON","picto":null,"level":3,"sellerId":null,"slug":"raviolis-et-cannellonis","selected":false,"children":null,"layers":"\/navigation\/2128\/layers","link":"\/r\/epicerie-salee\/les-plats-cuisines\/raviolis-et-cannellonis"},{"name":"Couscous et Taboul\u00e9s","code":"R08F04SF03","id":"2129","type":"RAYON","picto":null,"level":3,"sellerId":null,"slug":"couscous-et-taboules","selected":false,"children":null,"layers":"\/navigation\/2129\/layers","link":"\/r\/epicerie-salee\/les-plats-cuisines\/couscous-et-taboules"},{"name":"Cassoulets et Confits","code":"R08F04SF04","id":"2130","type":"RAYON","picto":null,"level":3,"sellerId":null,"slug":"cassoulets-et-confits","selected":false,"children":null,"layers":"\/navigation\/2130\/layers","link":"\/r\/epicerie-salee\/les-plats-cuisines\/cassoulets-et-confits"},{"name":"Choucroutes et Autres plats","code":"R08F04SF05","id":"2131","type":"RAYON","picto":null,"level":3,"sellerId":null,"slug":"choucroutes-et-autres-plats","selected":false,"children":null,"layers":"\/navigation\/2131\/layers","link":"\/r\/epicerie-salee\/les-plats-cuisines\/choucroutes-et-autres-plats"}],"layers":"\/navigation\/2126\/layers","link":"\/r\/epicerie-salee\/les-plats-cuisines"},{"name":"P\u00e2tes, Riz et F\u00e9culents","code":"R08F05","id":"2143","type":"RAYON","picto":"https:\/\/media.carrefour.fr\/medias\/eb4dcdbd7d683b13ae40f0c1a7b5c8c7\/p_96x96\/2143.jpg","level":2,"sellerId":null,"slug":"pates-riz-feculents","selected":false,"children":[{"name":"P\u00e2tes","code":"R08F05SF01","id":"2144","type":"RAYON","picto":null,"level":3,"sellerId":null,"slug":"pates","selected":false,"children":[{"name":"P\u00e2tes longues: Spaghettis, Tagliatelles, Etc.","code":"R08F05SF01SS01","id":"2145","type":"RAYON","picto":null,"level":4,"sellerId":null,"slug":"pates-longues-spaghettis-tagliatelles-etc","selected":false,"children":null,"layers":"\/navigation\/2145\/layers","link":"\/r\/epicerie-salee\/pates-riz-feculents\/pates\/pates-longues-spaghettis-tagliatelles-etc"},{"name":"P\u00e2tes courtes: Coquillettes, Tortis, Etc.","code":"R08F05SF01SS02","id":"2146","type":"RAYON","picto":null,"level":4,"sellerId":null,"slug":"pates-courtes-coquillettes-tortis-etc","selected":false,"children":null,"layers":"\/navigation\/2146\/layers","link":"\/r\/epicerie-salee\/pates-riz-feculents\/pates\/pates-courtes-coquillettes-tortis-etc"},{"name":"Lasagnes, Crozets et Autres p\u00e2tes","code":"R08F05SF01SS03","id":"2147","type":"RAYON","picto":null,"level":4,"sellerId":null,"slug":"lasagnes-crozets-et-autres-pates","selected":false,"children":null,"layers":"\/navigation\/2147\/layers","link":"\/r\/epicerie-salee\/pates-riz-feculents\/pates\/lasagnes-crozets-et-autres-pates"},{"name":"P\u00e2tes cuisson rapide","code":"R08F05SF01SS04","id":"2148","type":"RAYON","picto":null,"level":4,"sellerId":null,"slug":"pates-cuisson-rapide","selected":false,"children":null,"layers":"\/navigation\/2148\/layers","link":"\/r\/epicerie-salee\/pates-riz-feculents\/pates\/pates-cuisson-rapide"},{"name":"P\u00e2tes sp\u00e9ciales","code":"R08F05SF01SS05","id":"2149","type":"RAYON","picto":null,"level":4,"sellerId":null,"slug":"pates-speciales","selected":false,"children":null,"layers":"\/navigation\/2149\/layers","link":"\/r\/epicerie-salee\/pates-riz-feculents\/pates\/pates-speciales"}],"layers":"\/navigation\/2144\/layers","link":"\/r\/epicerie-salee\/pates-riz-feculents\/pates"},{"name":"Riz","code":"R08F05SF02","id":"2150","type":"RAYON","picto":null,"level":3,"sellerId":null,"slug":"riz","selected":false,"children":[{"name":"Blanc et Complet","code":"R08F05SF02SS01","id":"2151","type":"RAYON","picto":null,"level":4,"sellerId":null,"slug":"blanc-et-riz-complet","selected":false,"children":null,"layers":"\/navigation\/2151\/layers","link":"\/r\/epicerie-salee\/pates-riz-feculents\/riz\/blanc-et-riz-complet"},{"name":"Basmati et Thai","code":"R08F05SF02SS02","id":"2152","type":"RAYON","picto":null,"level":4,"sellerId":null,"slug":"basmati-et-thai","selected":false,"children":null,"layers":"\/navigation\/2152\/layers","link":"\/r\/epicerie-salee\/pates-riz-feculents\/riz\/basmati-et-thai"},{"name":"Risotto et A po\u00ealer","code":"R08F05SF02SS03","id":"2153","type":"RAYON","picto":null,"level":4,"sellerId":null,"slug":"risotto-et-a-poeler","selected":false,"children":null,"layers":"\/navigation\/2153\/layers","link":"\/r\/epicerie-salee\/pates-riz-feculents\/riz\/risotto-et-a-poeler"}],"layers":"\/navigation\/2150\/layers","link":"\/r\/epicerie-salee\/pates-riz-feculents\/riz"},{"name":"Sachets express et Nouilles instantan\u00e9es","code":"R08F05SF03","id":"2154","type":"RAYON","picto":null,"level":3,"sellerId":null,"slug":"sachet-express-et-nouilles-instantanees","selected":false,"children":null,"layers":"\/navigation\/2154\/layers","link":"\/r\/epicerie-salee\/pates-riz-feculents\/sachet-express-et-nouilles-instantanees"},{"name":"Pur\u00e9es et Polenta","code":"R08F05SF04","id":"2155","type":"RAYON","picto":null,"level":3,"sellerId":null,"slug":"purees-et-polenta","selected":false,"children":null,"layers":"\/navigation\/2155\/layers","link":"\/r\/epicerie-salee\/pates-riz-feculents\/purees-et-polenta"},{"name":"Bl\u00e9, Semoule et L\u00e9gumes secs","code":"R08F05SF05","id":"2156","type":"RAYON","picto":null,"level":3,"sellerId":null,"slug":"ble-semoule-et-legumes-secs","selected":false,"children":null,"layers":"\/navigation\/2156\/layers","link":"\/r\/epicerie-salee\/pates-riz-feculents\/ble-semoule-et-legumes-secs"}],"layers":"\/navigation\/2143\/layers","link":"\/r\/epicerie-salee\/pates-riz-feculents"},{"name":"Huiles, Vinaigres et Vinaigrettes","code":"R08F06","id":"2157","type":"RAYON","picto":"https:\/\/media.carrefour.fr\/medias\/f3569b3dafbc358aa936ccc7d6d84e3a\/p_96x96\/2157.jpg","level":2,"sellerId":null,"slug":"huiles-vinaigres-et-vinaigrettes","selected":false,"children":[{"name":"Huiles","code":"R08F06SF01","id":"2158","type":"RAYON","picto":null,"level":3,"sellerId":null,"slug":"huiles","selected":false,"children":null,"layers":"\/navigation\/2158\/layers","link":"\/r\/epicerie-salee\/huiles-vinaigres-et-vinaigrettes\/huiles"},{"name":"Huiles d'olive","code":"R08F06SF02","id":"2159","type":"RAYON","picto":null,"level":3,"sellerId":null,"slug":"huiles-dolive","selected":false,"children":null,"layers":"\/navigation\/2159\/layers","link":"\/r\/epicerie-salee\/huiles-vinaigres-et-vinaigrettes\/huiles-dolive"},{"name":"Vinaigres","code":"R08F06SF03","id":"2160","type":"RAYON","picto":null,"level":3,"sellerId":null,"slug":"vinaigres","selected":false,"children":null,"layers":"\/navigation\/2160\/layers","link":"\/r\/epicerie-salee\/huiles-vinaigres-et-vinaigrettes\/vinaigres"},{"name":"Vinaigrettes, Sauces salades et Jus de citron","code":"R08F06SF04","id":"2161","type":"RAYON","picto":null,"level":3,"sellerId":null,"slug":"vinaigrettes-sauces-salades-et-jus-de-citron","selected":false,"children":null,"layers":"\/navigation\/2161\/layers","link":"\/r\/epicerie-salee\/huiles-vinaigres-et-vinaigrettes\/vinaigrettes-sauces-salades-et-jus-de-citron"}],"layers":"\/navigation\/2157\/layers","link":"\/r\/epicerie-salee\/huiles-vinaigres-et-vinaigrettes"},{"name":"Sauces et Condiments","code":"R08F07","id":"2162","type":"RAYON","picto":"https:\/\/media.carrefour.fr\/medias\/b00de341d5a33a2c8e1b6a9d8256e410\/p_96x96\/2162.jpg","level":2,"sellerId":null,"slug":"sauces-et-condiments","selected":false,"children":[{"name":"Ketchup","code":"R08F07SF01","id":"2163","type":"RAYON","picto":null,"level":3,"sellerId":null,"slug":"ketchup","selected":false,"children":null,"layers":"\/navigation\/2163\/layers","link":"\/r\/epicerie-salee\/sauces-et-condiments\/ketchup"},{"name":"Mayonnaises","code":"R08F07SF02","id":"2164","type":"RAYON","picto":null,"level":3,"sellerId":null,"slug":"mayonnaises","selected":false,"children":null,"layers":"\/navigation\/2164\/layers","link":"\/r\/epicerie-salee\/sauces-et-condiments\/mayonnaises"},{"name":"Moutardes","code":"R08F07SF03","id":"2165","type":"RAYON","picto":null,"level":3,"sellerId":null,"slug":"moutardes","selected":false,"children":null,"layers":"\/navigation\/2165\/layers","link":"\/r\/epicerie-salee\/sauces-et-condiments\/moutardes"},{"name":"Sauces froides : BBQ, Burger, B\u00e9arnaise...","code":"R08F07SF04","id":"2166","type":"RAYON","picto":null,"level":3,"sellerId":null,"slug":"sauces-froides-bbq-burger-bearnaise","selected":false,"children":null,"layers":"\/navigation\/2166\/layers","link":"\/r\/epicerie-salee\/sauces-et-condiments\/sauces-froides-bbq-burger-bearnaise"},{"name":"Sauces chaudes : B\u00e9chamel, Curry...","code":"R08F07SF05","id":"2167","type":"RAYON","picto":null,"level":3,"sellerId":null,"slug":"sauces-chaudes-bechamel-curry","selected":false,"children":null,"layers":"\/navigation\/2167\/layers","link":"\/r\/epicerie-salee\/sauces-et-condiments\/sauces-chaudes-bechamel-curry"},{"name":"Sauces pour les p\u00e2tes et le riz","code":"R08F07SF06","id":"2168","type":"RAYON","picto":null,"level":3,"sellerId":null,"slug":"sauces-pour-les-pates-et-le-riz","selected":false,"children":[{"name":"Sauces tomates","code":"R08F07SF06SS01","id":"2169","type":"RAYON","picto":null,"level":4,"sellerId":null,"slug":"sauces-tomates","selected":false,"children":null,"layers":"\/navigation\/2169\/layers","link":"\/r\/epicerie-salee\/sauces-et-condiments\/sauces-pour-les-pates-et-le-riz\/sauces-tomates"},{"name":"Sauces pesto","code":"R08F07SF06SS02","id":"2170","type":"RAYON","picto":null,"level":4,"sellerId":null,"slug":"sauces-pesto","selected":false,"children":null,"layers":"\/navigation\/2170\/layers","link":"\/r\/epicerie-salee\/sauces-et-condiments\/sauces-pour-les-pates-et-le-riz\/sauces-pesto"},{"name":"Pulpes et concentr\u00e9s de tomate","code":"R08F07SF06SS03","id":"2171","type":"RAYON","picto":null,"level":4,"sellerId":null,"slug":"pulpes-et-concentres-de-tomate","selected":false,"children":null,"layers":"\/navigation\/2171\/layers","link":"\/r\/epicerie-salee\/sauces-et-condiments\/sauces-pour-les-pates-et-le-riz\/pulpes-et-concentres-de-tomate"}],"layers":"\/navigation\/2168\/layers","link":"\/r\/epicerie-salee\/sauces-et-condiments\/sauces-pour-les-pates-et-le-riz"},{"name":"Cornichons, olives et condiments","code":"R08F07SF07","id":"2172","type":"RAYON","picto":null,"level":3,"sellerId":null,"slug":"cornichons-olives-et-condiments","selected":false,"children":null,"layers":"\/navigation\/2172\/layers","link":"\/r\/epicerie-salee\/sauces-et-condiments\/cornichons-olives-et-condiments"}],"layers":"\/navigation\/2162\/layers","link":"\/r\/epicerie-salee\/sauces-et-condiments"},{"name":"Sel, Epices et Bouillons","code":"R08F08","id":"2173","type":"RAYON","picto":"https:\/\/media.carrefour.fr\/medias\/126b59733dd437edb4869e2532f747fd\/p_96x96\/2173.jpg","level":2,"sellerId":null,"slug":"sel-epices-et-bouillons","selected":false,"children":[{"name":"Sel et Poivre","code":"R08F08SF01","id":"2174","type":"RAYON","picto":null,"level":3,"sellerId":null,"slug":"sel-et-poivre","selected":false,"children":null,"layers":"\/navigation\/2174\/layers","link":"\/r\/epicerie-salee\/sel-epices-et-bouillons\/sel-et-poivre"},{"name":"Epices et Herbes","code":"R08F08SF02","id":"2175","type":"RAYON","picto":null,"level":3,"sellerId":null,"slug":"epices-et-herbes","selected":false,"children":null,"layers":"\/navigation\/2175\/layers","link":"\/r\/epicerie-salee\/sel-epices-et-bouillons\/epices-et-herbes"},{"name":"Bouillons et Fonds de sauce","code":"R08F08SF03","id":"2176","type":"RAYON","picto":null,"level":3,"sellerId":null,"slug":"bouillons-et-fonds-de-sauce","selected":false,"children":null,"layers":"\/navigation\/2176\/layers","link":"\/r\/epicerie-salee\/sel-epices-et-bouillons\/bouillons-et-fonds-de-sauce"},{"name":"F\u00e9cule, Chapelure et Aide culinaire","code":"R08F08SF04","id":"2177","type":"RAYON","picto":null,"level":3,"sellerId":null,"slug":"fecule-chapelure-aide-culinaire","selected":false,"children":null,"layers":"\/navigation\/2177\/layers","link":"\/r\/epicerie-salee\/sel-epices-et-bouillons\/fecule-chapelure-aide-culinaire"}],"layers":"\/navigation\/2173\/layers","link":"\/r\/epicerie-salee\/sel-epices-et-bouillons"},{"name":"Produits du Monde","code":"R08F09","id":"2178","type":"RAYON","picto":"https:\/\/media.carrefour.fr\/medias\/0c92776fad1039ea871c1bde896bac5c\/p_96x96\/2178.jpg","level":2,"sellerId":null,"slug":"produits-du-monde","selected":false,"children":[{"name":"M\u00e9diterran\u00e9e","code":"R08F09SF01","id":"2179","type":"RAYON","picto":null,"level":3,"sellerId":null,"slug":"mediterranee","selected":false,"children":null,"layers":"\/navigation\/2179\/layers","link":"\/r\/epicerie-salee\/produits-du-monde\/mediterranee"},{"name":"Tex-Mex et USA","code":"R08F09SF02","id":"2180","type":"RAYON","picto":null,"level":3,"sellerId":null,"slug":"tex-mex-et-usa","selected":false,"children":null,"layers":"\/navigation\/2180\/layers","link":"\/r\/epicerie-salee\/produits-du-monde\/tex-mex-et-usa"},{"name":"Asie","code":"R08F09SF03","id":"2181","type":"RAYON","picto":null,"level":3,"sellerId":null,"slug":"asie","selected":false,"children":null,"layers":"\/navigation\/2181\/layers","link":"\/r\/epicerie-salee\/produits-du-monde\/asie"},{"name":"Halal","code":"R08F09SF04","id":"2182","type":"RAYON","picto":null,"level":3,"sellerId":null,"slug":"halal","selected":false,"children":null,"layers":"\/navigation\/2182\/layers","link":"\/r\/epicerie-salee\/produits-du-monde\/halal"},{"name":"Inde","code":"R08F09SF05","id":"25997","type":"RAYON","picto":null,"level":3,"sellerId":null,"slug":"inde","selected":false,"children":null,"layers":"\/navigation\/25997\/layers","link":"\/r\/epicerie-salee\/produits-du-monde\/inde"},{"name":"Moyen-Orient","code":"R08F09SF06","id":"26863","type":"RAYON","picto":null,"level":3,"sellerId":null,"slug":"moyen-orient","selected":false,"children":null,"layers":"\/navigation\/26863\/layers","link":"\/r\/epicerie-salee\/produits-du-monde\/moyen-orient"},{"name":"Canada","code":"R08F09SF07","id":"26905","type":"RAYON","picto":null,"level":3,"sellerId":null,"slug":"canada","selected":false,"children":null,"layers":"\/navigation\/26905\/layers","link":"\/r\/epicerie-salee\/produits-du-monde\/canada"}],"layers":"\/navigation\/2178\/layers","link":"\/r\/epicerie-salee\/produits-du-monde"},{"name":"Coffrets","code":"R08F10","id":"26862","type":"RAYON","picto":null,"level":2,"sellerId":null,"slug":"coffrets","selected":false,"children":null,"layers":"\/navigation\/26862\/layers","link":"\/r\/epicerie-salee\/coffrets"}],"layers":"\/navigation\/2112\/layers","link":"\/r\/epicerie-salee"},{"name":"Epicerie sucr\u00e9e","code":"R09","id":"2183","type":"RAYON","picto":"https:\/\/media.carrefour.fr\/medias\/844bd69b601734e28a6a6071e6595585\/p_96x96\/2183.jpg","level":1,"sellerId":null,"slug":"epicerie-sucree","selected":false,"children":[{"name":"Chocolats et Bonbons","code":"R09F01","id":"2237","type":"RAYON","picto":"https:\/\/media.carrefour.fr\/medias\/f38e2b8188c034f4ae36cb6c28b8e47e\/p_96x96\/2237.jpg","level":2,"sellerId":null,"slug":"chocolats-et-bonbons","selected":false,"children":[{"name":"Confiseries chocolat\u00e9es","code":"R09F01SF01","id":"2242","type":"RAYON","picto":null,"level":3,"sellerId":null,"slug":"confiseries-chocolatees","selected":false,"children":[{"name":"Rochers et Boites de chocolats","code":"R09F01SF01SS01","id":"2245","type":"RAYON","picto":null,"level":4,"sellerId":null,"slug":"rochers-et-boites-de-chocolats","selected":false,"children":null,"layers":"\/navigation\/2245\/layers","link":"\/r\/epicerie-sucree\/chocolats-et-bonbons\/confiseries-chocolatees\/rochers-et-boites-de-chocolats"},{"name":"Barres chocolat\u00e9es","code":"R09F01SF01SS02","id":"2243","type":"RAYON","picto":null,"level":4,"sellerId":null,"slug":"barres-chocolatees","selected":false,"children":null,"layers":"\/navigation\/2243\/layers","link":"\/r\/epicerie-sucree\/chocolats-et-bonbons\/confiseries-chocolatees\/barres-chocolatees"},{"name":"Billes et Bonbons au chocolat","code":"R09F01SF01SS03","id":"2244","type":"RAYON","picto":null,"level":4,"sellerId":null,"slug":"billes-et-bonbons-au-chocolat","selected":false,"children":null,"layers":"\/navigation\/2244\/layers","link":"\/r\/epicerie-sucree\/chocolats-et-bonbons\/confiseries-chocolatees\/billes-et-bonbons-au-chocolat"}],"layers":"\/navigation\/2242\/layers","link":"\/r\/epicerie-sucree\/chocolats-et-bonbons\/confiseries-chocolatees"},{"name":"Tablettes de chocolat","code":"R09F01SF02","id":"2238","type":"RAYON","picto":null,"level":3,"sellerId":null,"slug":"tablettes-de-chocolat","selected":false,"children":[{"name":"Tablettes chocolat au lait et blanc","code":"R09F01SF02SS01","id":"2239","type":"RAYON","picto":null,"level":4,"sellerId":null,"slug":"tablettes-chocolat-au-lait-et-blanc","selected":false,"children":null,"layers":"\/navigation\/2239\/layers","link":"\/r\/epicerie-sucree\/chocolats-et-bonbons\/tablettes-de-chocolat\/tablettes-chocolat-au-lait-et-blanc"},{"name":"Tablettes chocolat noir","code":"R09F01SF02SS02","id":"2240","type":"RAYON","picto":null,"level":4,"sellerId":null,"slug":"tablettes-chocolat-noir","selected":false,"children":null,"layers":"\/navigation\/2240\/layers","link":"\/r\/epicerie-sucree\/chocolats-et-bonbons\/tablettes-de-chocolat\/tablettes-chocolat-noir"},{"name":"Tablettes chocolat p\u00e2tissier","code":"R09F01SF02SS03","id":"2241","type":"RAYON","picto":null,"level":4,"sellerId":null,"slug":"tablettes-chocolat-patissier","selected":false,"children":null,"layers":"\/navigation\/2241\/layers","link":"\/r\/epicerie-sucree\/chocolats-et-bonbons\/tablettes-de-chocolat\/tablettes-chocolat-patissier"}],"layers":"\/navigation\/2238\/layers","link":"\/r\/epicerie-sucree\/chocolats-et-bonbons\/tablettes-de-chocolat"},{"name":"Bonbons","code":"R09F01SF03","id":"2246","type":"RAYON","picto":null,"level":3,"sellerId":null,"slug":"bonbons","selected":false,"children":null,"layers":"\/navigation\/2246\/layers","link":"\/r\/epicerie-sucree\/chocolats-et-bonbons\/bonbons"},{"name":"Confiseries de poche","code":"R09F01SF04","id":"2247","type":"RAYON","picto":null,"level":3,"sellerId":null,"slug":"confiseries-de-poche","selected":false,"children":null,"layers":"\/navigation\/2247\/layers","link":"\/r\/epicerie-sucree\/chocolats-et-bonbons\/confiseries-de-poche"},{"name":"Chewings gums","code":"R09F01SF05","id":"2248","type":"RAYON","picto":null,"level":3,"sellerId":null,"slug":"chewings-gums","selected":false,"children":null,"layers":"\/navigation\/2248\/layers","link":"\/r\/epicerie-sucree\/chocolats-et-bonbons\/chewings-gums"},{"name":"Autres confiseries","code":"R09F01SF06","id":"2249","type":"RAYON","picto":null,"level":3,"sellerId":null,"slug":"autres-confiseries","selected":false,"children":null,"layers":"\/navigation\/2249\/layers","link":"\/r\/epicerie-sucree\/chocolats-et-bonbons\/autres-confiseries"}],"layers":"\/navigation\/2237\/layers","link":"\/r\/epicerie-sucree\/chocolats-et-bonbons"},{"name":"Boissons chaudes","code":"R09F02","id":"2184","type":"RAYON","picto":"https:\/\/media.carrefour.fr\/medias\/eca136a043fc3fe29282ec8b483ff04b\/p_96x96\/2184.jpg","level":2,"sellerId":null,"slug":"boissons-chaudes","selected":false,"children":[{"name":"Dosettes et Capsules","code":"R09F02SF01","id":"2185","type":"RAYON","picto":null,"level":3,"sellerId":null,"slug":"dosettes-et-capsules","selected":false,"children":[{"name":"Compatibles Nespresso","code":"R09F02SF01SS01","id":"2186","type":"RAYON","picto":null,"level":4,"sellerId":null,"slug":"compatible-nespresso","selected":false,"children":null,"layers":"\/navigation\/2186\/layers","link":"\/r\/epicerie-sucree\/boissons-chaudes\/dosettes-et-capsules\/compatible-nespresso"},{"name":"Compatibles Senseo","code":"R09F02SF01SS02","id":"2187","type":"RAYON","picto":null,"level":4,"sellerId":null,"slug":"compatible-senseo","selected":false,"children":null,"layers":"\/navigation\/2187\/layers","link":"\/r\/epicerie-sucree\/boissons-chaudes\/dosettes-et-capsules\/compatible-senseo"},{"name":"Compatibles Tassimo","code":"R09F02SF01SS03","id":"2188","type":"RAYON","picto":null,"level":4,"sellerId":null,"slug":"compatible-tassimo","selected":false,"children":null,"layers":"\/navigation\/2188\/layers","link":"\/r\/epicerie-sucree\/boissons-chaudes\/dosettes-et-capsules\/compatible-tassimo"},{"name":"Compatibles Dolce Gusto","code":"R09F02SF01SS04","id":"2189","type":"RAYON","picto":null,"level":4,"sellerId":null,"slug":"compatible-dolce-gusto","selected":false,"children":null,"layers":"\/navigation\/2189\/layers","link":"\/r\/epicerie-sucree\/boissons-chaudes\/dosettes-et-capsules\/compatible-dolce-gusto"},{"name":"Compatibles Malongo","code":"R09F02SF01SS05","id":"2190","type":"RAYON","picto":null,"level":4,"sellerId":null,"slug":"compatible-malongo","selected":false,"children":null,"layers":"\/navigation\/2190\/layers","link":"\/r\/epicerie-sucree\/boissons-chaudes\/dosettes-et-capsules\/compatible-malongo"},{"name":"Compatibles Lavazza","code":"R09F02SF01SS06","id":"2191","type":"RAYON","picto":null,"level":4,"sellerId":null,"slug":"compatible-lavazza","selected":false,"children":null,"layers":"\/navigation\/2191\/layers","link":"\/r\/epicerie-sucree\/boissons-chaudes\/dosettes-et-capsules\/compatible-lavazza"},{"name":"Compatibles Sp\u00e9cial T","code":"R09F02SF01SS07","id":"2192","type":"RAYON","picto":null,"level":4,"sellerId":null,"slug":"compatible-special-t","selected":false,"children":null,"layers":"\/navigation\/2192\/layers","link":"\/r\/epicerie-sucree\/boissons-chaudes\/dosettes-et-capsules\/compatible-special-t"}],"layers":"\/navigation\/2185\/layers","link":"\/r\/epicerie-sucree\/boissons-chaudes\/dosettes-et-capsules"},{"name":"Caf\u00e9s moulus et en grains","code":"R09F02SF02","id":"2193","type":"RAYON","picto":null,"level":3,"sellerId":null,"slug":"cafes-moulus-et-en-grains","selected":false,"children":null,"layers":"\/navigation\/2193\/layers","link":"\/r\/epicerie-sucree\/boissons-chaudes\/cafes-moulus-et-en-grains"},{"name":"Caf\u00e9s solubles et Capuccinos","code":"R09F02SF03","id":"2194","type":"RAYON","picto":null,"level":3,"sellerId":null,"slug":"cafes-solubles-et-capuccinos","selected":false,"children":null,"layers":"\/navigation\/2194\/layers","link":"\/r\/epicerie-sucree\/boissons-chaudes\/cafes-solubles-et-capuccinos"},{"name":"Filtres et D\u00e9tartrants","code":"R09F02SF04","id":"2195","type":"RAYON","picto":null,"level":3,"sellerId":null,"slug":"filtres-et-detartrants","selected":false,"children":null,"layers":"\/navigation\/2195\/layers","link":"\/r\/epicerie-sucree\/boissons-chaudes\/filtres-et-detartrants"},{"name":"Th\u00e9s","code":"R09F02SF05","id":"2196","type":"RAYON","picto":null,"level":3,"sellerId":null,"slug":"thes","selected":false,"children":[{"name":"Th\u00e9s parfum\u00e9s","code":"R09F02SF05SS01","id":"2197","type":"RAYON","picto":null,"level":4,"sellerId":null,"slug":"thes-parfumes","selected":false,"children":null,"layers":"\/navigation\/2197\/layers","link":"\/r\/epicerie-sucree\/boissons-chaudes\/thes\/thes-parfumes"},{"name":"Th\u00e9s natures et Earl Grey","code":"R09F02SF05SS02","id":"2198","type":"RAYON","picto":null,"level":4,"sellerId":null,"slug":"thes-natures-et-earl-grey","selected":false,"children":null,"layers":"\/navigation\/2198\/layers","link":"\/r\/epicerie-sucree\/boissons-chaudes\/thes\/thes-natures-et-earl-grey"},{"name":"Th\u00e9s vrac","code":"R09F02SF05SS03","id":"2199","type":"RAYON","picto":null,"level":4,"sellerId":null,"slug":"thes-vrac","selected":false,"children":null,"layers":"\/navigation\/2199\/layers","link":"\/r\/epicerie-sucree\/boissons-chaudes\/thes\/thes-vrac"}],"layers":"\/navigation\/2196\/layers","link":"\/r\/epicerie-sucree\/boissons-chaudes\/thes"},{"name":"Infusions","code":"R09F02SF06","id":"2200","type":"RAYON","picto":null,"level":3,"sellerId":null,"slug":"infusions","selected":false,"children":[{"name":"Infusions parfum\u00e9es","code":"R09F02SF06SS01","id":"2201","type":"RAYON","picto":null,"level":4,"sellerId":null,"slug":"infusions-parfumees","selected":false,"children":null,"layers":"\/navigation\/2201\/layers","link":"\/r\/epicerie-sucree\/boissons-chaudes\/infusions\/infusions-parfumees"},{"name":"Infusions d\u00e9tox et bien-\u00eatre","code":"R09F02SF06SS02","id":"2202","type":"RAYON","picto":null,"level":4,"sellerId":null,"slug":"infusions-detox-et-bien-etre","selected":false,"children":null,"layers":"\/navigation\/2202\/layers","link":"\/r\/epicerie-sucree\/boissons-chaudes\/infusions\/infusions-detox-et-bien-etre"}],"layers":"\/navigation\/2200\/layers","link":"\/r\/epicerie-sucree\/boissons-chaudes\/infusions"},{"name":"Chocolats en poudre","code":"R09F02SF07","id":"2203","type":"RAYON","picto":null,"level":3,"sellerId":null,"slug":"chocolats-en-poudre","selected":false,"children":null,"layers":"\/navigation\/2203\/layers","link":"\/r\/epicerie-sucree\/boissons-chaudes\/chocolats-en-poudre"}],"layers":"\/navigation\/2184\/layers","link":"\/r\/epicerie-sucree\/boissons-chaudes"},{"name":"Biscuits et G\u00e2teaux","code":"R09F03","id":"2221","type":"RAYON","picto":"https:\/\/media.carrefour.fr\/medias\/552aa24dcb6b30898fb29955e4d414bd\/p_96x96\/2221.jpg","level":2,"sellerId":null,"slug":"biscuits-et-gateaux","selected":false,"children":[{"name":"Biscuits au chocolat ou \u00e0 la vanille","code":"R09F03SF01","id":"2222","type":"RAYON","picto":null,"level":3,"sellerId":null,"slug":"biscuits-au-chocolat-ou-a-la-vanille","selected":false,"children":null,"layers":"\/navigation\/2222\/layers","link":"\/r\/epicerie-sucree\/biscuits-et-gateaux\/biscuits-au-chocolat-ou-a-la-vanille"},{"name":"Biscuits aux fruits","code":"R09F03SF02","id":"2223","type":"RAYON","picto":null,"level":3,"sellerId":null,"slug":"biscuits-aux-fruits","selected":false,"children":null,"layers":"\/navigation\/2223\/layers","link":"\/r\/epicerie-sucree\/biscuits-et-gateaux\/biscuits-aux-fruits"},{"name":"Biscuits petit-d\u00e9jeuner","code":"R09F03SF03","id":"2224","type":"RAYON","picto":null,"level":3,"sellerId":null,"slug":"biscuits-petit-dejeuner","selected":false,"children":null,"layers":"\/navigation\/2224\/layers","link":"\/r\/epicerie-sucree\/biscuits-et-gateaux\/biscuits-petit-dejeuner"},{"name":"Cookies","code":"R09F03SF04","id":"2225","type":"RAYON","picto":null,"level":3,"sellerId":null,"slug":"cookies","selected":false,"children":null,"layers":"\/navigation\/2225\/layers","link":"\/r\/epicerie-sucree\/biscuits-et-gateaux\/cookies"},{"name":"Petits beurres et Biscuits secs","code":"R09F03SF05","id":"2226","type":"RAYON","picto":null,"level":3,"sellerId":null,"slug":"petits-beurres-et-biscuits-secs","selected":false,"children":null,"layers":"\/navigation\/2226\/layers","link":"\/r\/epicerie-sucree\/biscuits-et-gateaux\/petits-beurres-et-biscuits-secs"},{"name":"Assortiments de biscuits et Mignardises","code":"R09F03SF06","id":"2227","type":"RAYON","picto":null,"level":3,"sellerId":null,"slug":"assortiment-de-biscuits-et-mignardises","selected":false,"children":null,"layers":"\/navigation\/2227\/layers","link":"\/r\/epicerie-sucree\/biscuits-et-gateaux\/assortiment-de-biscuits-et-mignardises"},{"name":"Barres de c\u00e9r\u00e9ales et Chocolat\u00e9es","code":"R09F03SF07","id":"2228","type":"RAYON","picto":null,"level":3,"sellerId":null,"slug":"barres-de-cereales-et-chocolatees","selected":false,"children":[{"name":"Barres de c\u00e9r\u00e9ales","code":"R09F03SF07SS01","id":"2229","type":"RAYON","picto":null,"level":4,"sellerId":null,"slug":"barres-de-cereales","selected":false,"children":null,"layers":"\/navigation\/2229\/layers","link":"\/r\/epicerie-sucree\/biscuits-et-gateaux\/barres-de-cereales-et-chocolatees\/barres-de-cereales"},{"name":"Barres chocolat\u00e9es","code":"R09F03SF07SS02","id":"2230","type":"RAYON","picto":null,"level":4,"sellerId":null,"slug":"barres-chocolatees","selected":false,"children":null,"layers":"\/navigation\/2230\/layers","link":"\/r\/epicerie-sucree\/biscuits-et-gateaux\/barres-de-cereales-et-chocolatees\/barres-chocolatees"}],"layers":"\/navigation\/2228\/layers","link":"\/r\/epicerie-sucree\/biscuits-et-gateaux\/barres-de-cereales-et-chocolatees"},{"name":"Go\u00fbters pockets","code":"R09F03SF08","id":"2231","type":"RAYON","picto":null,"level":3,"sellerId":null,"slug":"gouters-pockets","selected":false,"children":null,"layers":"\/navigation\/2231\/layers","link":"\/r\/epicerie-sucree\/biscuits-et-gateaux\/gouters-pockets"},{"name":"Madeleines","code":"R09F03SF09","id":"2232","type":"RAYON","picto":null,"level":3,"sellerId":null,"slug":"madeleines","selected":false,"children":null,"layers":"\/navigation\/2232\/layers","link":"\/r\/epicerie-sucree\/biscuits-et-gateaux\/madeleines"},{"name":"Quatre quarts et Pains d'\u00e9pices","code":"R09F03SF10","id":"2233","type":"RAYON","picto":null,"level":3,"sellerId":null,"slug":"quatre-quarts-et-pains-depices","selected":false,"children":null,"layers":"\/navigation\/2233\/layers","link":"\/r\/epicerie-sucree\/biscuits-et-gateaux\/quatre-quarts-et-pains-depices"},{"name":"Marbr\u00e9s et Brownies","code":"R09F03SF11","id":"2234","type":"RAYON","picto":null,"level":3,"sellerId":null,"slug":"marbre-et-brownies","selected":false,"children":null,"layers":"\/navigation\/2234\/layers","link":"\/r\/epicerie-sucree\/biscuits-et-gateaux\/marbre-et-brownies"},{"name":"Cr\u00eapes et Gaufres","code":"R09F03SF12","id":"2235","type":"RAYON","picto":null,"level":3,"sellerId":null,"slug":"crepes-et-gaufres","selected":false,"children":null,"layers":"\/navigation\/2235\/layers","link":"\/r\/epicerie-sucree\/biscuits-et-gateaux\/crepes-et-gaufres"},{"name":"Biscuits bio et Di\u00e9t\u00e9tiques","code":"R09F03SF13","id":"2236","type":"RAYON","picto":null,"level":3,"sellerId":null,"slug":"biscuits-bio-et-dietetiques","selected":false,"children":null,"layers":"\/navigation\/2236\/layers","link":"\/r\/epicerie-sucree\/biscuits-et-gateaux\/biscuits-bio-et-dietetiques"}],"layers":"\/navigation\/2221\/layers","link":"\/r\/epicerie-sucree\/biscuits-et-gateaux"},{"name":"Petit d\u00e9jeuner","code":"R09F04","id":"2204","type":"RAYON","picto":"https:\/\/media.carrefour.fr\/medias\/bdf11e64badc355997a6ac1ba4c77a45\/p_96x96\/2204.jpg","level":2,"sellerId":null,"slug":"petit-dejeuner","selected":false,"children":[{"name":"C\u00e9r\u00e9ales enfants","code":"R09F04SF01","id":"2205","type":"RAYON","picto":null,"level":3,"sellerId":null,"slug":"cereales-enfants","selected":false,"children":null,"layers":"\/navigation\/2205\/layers","link":"\/r\/epicerie-sucree\/petit-dejeuner\/cereales-enfants"},{"name":"C\u00e9r\u00e9ales adultes","code":"R09F04SF02","id":"2206","type":"RAYON","picto":null,"level":3,"sellerId":null,"slug":"cereales-adultes","selected":false,"children":null,"layers":"\/navigation\/2206\/layers","link":"\/r\/epicerie-sucree\/petit-dejeuner\/cereales-adultes"},{"name":"Mueslis et Avoines","code":"R09F04SF03","id":"2207","type":"RAYON","picto":null,"level":3,"sellerId":null,"slug":"mueslis-et-avoines","selected":false,"children":null,"layers":"\/navigation\/2207\/layers","link":"\/r\/epicerie-sucree\/petit-dejeuner\/mueslis-et-avoines"},{"name":"Barres c\u00e9r\u00e9ales","code":"R09F04SF04","id":"2208","type":"RAYON","picto":null,"level":3,"sellerId":null,"slug":"barres-cereales","selected":false,"children":null,"layers":"\/navigation\/2208\/layers","link":"\/r\/epicerie-sucree\/petit-dejeuner\/barres-cereales"},{"name":"Biscuits petit-d\u00e9jeuner","code":"R09F04SF05","id":"2209","type":"RAYON","picto":null,"level":3,"sellerId":null,"slug":"biscuits-petit-dejeuner","selected":false,"children":null,"layers":"\/navigation\/2209\/layers","link":"\/r\/epicerie-sucree\/petit-dejeuner\/biscuits-petit-dejeuner"},{"name":"Biscottes, Pains grill\u00e9s et Galettes","code":"R09F04SF06","id":"2210","type":"RAYON","picto":null,"level":3,"sellerId":null,"slug":"biscottes-pains-grilles-et-galettes","selected":false,"children":null,"layers":"\/navigation\/2210\/layers","link":"\/r\/epicerie-sucree\/petit-dejeuner\/biscottes-pains-grilles-et-galettes"},{"name":"Pain de mie","code":"R09F04SF07","id":"2211","type":"RAYON","picto":null,"level":3,"sellerId":null,"slug":"pain-de-mie","selected":false,"children":null,"layers":"\/navigation\/2211\/layers","link":"\/r\/epicerie-sucree\/petit-dejeuner\/pain-de-mie"},{"name":"Brioches et Viennoiseries","code":"R09F04SF08","id":"2212","type":"RAYON","picto":null,"level":3,"sellerId":null,"slug":"brioches-et-viennoiseries","selected":false,"children":[{"name":"Brioches et Pains au lait","code":"R09F04SF08SS01","id":"2213","type":"RAYON","picto":null,"level":4,"sellerId":null,"slug":"brioches-et-pains-au-lait","selected":false,"children":null,"layers":"\/navigation\/2213\/layers","link":"\/r\/epicerie-sucree\/petit-dejeuner\/brioches-et-viennoiseries\/brioches-et-pains-au-lait"},{"name":"Viennoiseries","code":"R09F04SF08SS02","id":"2214","type":"RAYON","picto":null,"level":4,"sellerId":null,"slug":"viennoiseries","selected":false,"children":null,"layers":"\/navigation\/2214\/layers","link":"\/r\/epicerie-sucree\/petit-dejeuner\/brioches-et-viennoiseries\/viennoiseries"}],"layers":"\/navigation\/2212\/layers","link":"\/r\/epicerie-sucree\/petit-dejeuner\/brioches-et-viennoiseries"},{"name":"Confitures","code":"R09F04SF09","id":"2215","type":"RAYON","picto":null,"level":3,"sellerId":null,"slug":"confitures","selected":false,"children":[{"name":"Fruits rouges","code":"R09F04SF09SS01","id":"2216","type":"RAYON","picto":null,"level":4,"sellerId":null,"slug":"fruits-rouges","selected":false,"children":null,"layers":"\/navigation\/2216\/layers","link":"\/r\/epicerie-sucree\/petit-dejeuner\/confitures\/fruits-rouges"},{"name":"Fruits jaunes","code":"R09F04SF09SS02","id":"2217","type":"RAYON","picto":null,"level":4,"sellerId":null,"slug":"fruits-jaunes","selected":false,"children":null,"layers":"\/navigation\/2217\/layers","link":"\/r\/epicerie-sucree\/petit-dejeuner\/confitures\/fruits-jaunes"}],"layers":"\/navigation\/2215\/layers","link":"\/r\/epicerie-sucree\/petit-dejeuner\/confitures"},{"name":"P\u00e2tes \u00e0 tartiner et Miels","code":"R09F04SF10","id":"2218","type":"RAYON","picto":null,"level":3,"sellerId":null,"slug":"pates-a-tartiner-et-miels","selected":false,"children":[{"name":"P\u00e2tes \u00e0 tartiner et Cr\u00e8mes","code":"R09F04SF10SS01","id":"2219","type":"RAYON","picto":null,"level":4,"sellerId":null,"slug":"pates-a-tartiner-et-cremes","selected":false,"children":null,"layers":"\/navigation\/2219\/layers","link":"\/r\/epicerie-sucree\/petit-dejeuner\/pates-a-tartiner-et-miels\/pates-a-tartiner-et-cremes"},{"name":"Miels","code":"R09F04SF10SS02","id":"2220","type":"RAYON","picto":null,"level":4,"sellerId":null,"slug":"miels","selected":false,"children":null,"layers":"\/navigation\/2220\/layers","link":"\/r\/epicerie-sucree\/petit-dejeuner\/pates-a-tartiner-et-miels\/miels"}],"layers":"\/navigation\/2218\/layers","link":"\/r\/epicerie-sucree\/petit-dejeuner\/pates-a-tartiner-et-miels"}],"layers":"\/navigation\/2204\/layers","link":"\/r\/epicerie-sucree\/petit-dejeuner"},{"name":"Sucres, Farines, Coulis et Pr\u00e9parations g\u00e2teaux","code":"R09F05","id":"2254","type":"RAYON","picto":"https:\/\/media.carrefour.fr\/medias\/41a62a7b6371327ebd0fe4f6cf10bb71\/p_96x96\/2254.jpg","level":2,"sellerId":null,"slug":"sucres-farines-coulis-et-preparation-gateaux","selected":false,"children":[{"name":"Sucres et Edulcorants","code":"R09F05SF01","id":"2255","type":"RAYON","picto":null,"level":3,"sellerId":null,"slug":"sucres-et-edulcorants","selected":false,"children":null,"layers":"\/navigation\/2255\/layers","link":"\/r\/epicerie-sucree\/sucres-farines-coulis-et-preparation-gateaux\/sucres-et-edulcorants"},{"name":"Farines","code":"R09F05SF02","id":"2256","type":"RAYON","picto":null,"level":3,"sellerId":null,"slug":"farines","selected":false,"children":null,"layers":"\/navigation\/2256\/layers","link":"\/r\/epicerie-sucree\/sucres-farines-coulis-et-preparation-gateaux\/farines"},{"name":"Pr\u00e9parations pour g\u00e2teaux et Flans","code":"R09F05SF03","id":"2257","type":"RAYON","picto":null,"level":3,"sellerId":null,"slug":"preparation-pour-gateaux-et-flans","selected":false,"children":null,"layers":"\/navigation\/2257\/layers","link":"\/r\/epicerie-sucree\/sucres-farines-coulis-et-preparation-gateaux\/preparation-pour-gateaux-et-flans"},{"name":"Aide \u00e0 la p\u00e2tisserie","code":"R09F05SF04","id":"2258","type":"RAYON","picto":null,"level":3,"sellerId":null,"slug":"aide-a-la-patisserie","selected":false,"children":[{"name":"D\u00e9corations p\u00e2tissi\u00e8res, Nappages","code":"R09F05SF04SS01","id":"2259","type":"RAYON","picto":null,"level":4,"sellerId":null,"slug":"decorations-patissieres-nappage","selected":false,"children":null,"layers":"\/navigation\/2259\/layers","link":"\/r\/epicerie-sucree\/sucres-farines-coulis-et-preparation-gateaux\/aide-a-la-patisserie\/decorations-patissieres-nappage"},{"name":"Ar\u00f4mes, Fruits secs et Confits","code":"R09F05SF04SS02","id":"2260","type":"RAYON","picto":null,"level":4,"sellerId":null,"slug":"aromes-fruits-secs-et-confits","selected":false,"children":null,"layers":"\/navigation\/2260\/layers","link":"\/r\/epicerie-sucree\/sucres-farines-coulis-et-preparation-gateaux\/aide-a-la-patisserie\/aromes-fruits-secs-et-confits"},{"name":"Sucres vanill\u00e9s, Levures et G\u00e9lifiants","code":"R09F05SF04SS03","id":"2261","type":"RAYON","picto":null,"level":4,"sellerId":null,"slug":"sucres-vanilles-levures-et-gelifiants","selected":false,"children":null,"layers":"\/navigation\/2261\/layers","link":"\/r\/epicerie-sucree\/sucres-farines-coulis-et-preparation-gateaux\/aide-a-la-patisserie\/sucres-vanilles-levures-et-gelifiants"},{"name":"Laits en poudre et concentr\u00e9s","code":"R09F05SF04SS04","id":"2262","type":"RAYON","picto":null,"level":4,"sellerId":null,"slug":"laits-en-poudre-et-concentres","selected":false,"children":null,"layers":"\/navigation\/2262\/layers","link":"\/r\/epicerie-sucree\/sucres-farines-coulis-et-preparation-gateaux\/aide-a-la-patisserie\/laits-en-poudre-et-concentres"}],"layers":"\/navigation\/2258\/layers","link":"\/r\/epicerie-sucree\/sucres-farines-coulis-et-preparation-gateaux\/aide-a-la-patisserie"}],"layers":"\/navigation\/2254\/layers","link":"\/r\/epicerie-sucree\/sucres-farines-coulis-et-preparation-gateaux"},{"name":"Compotes, Fruits au sirop et Cr\u00e8mes desserts","code":"R09F06","id":"2250","type":"RAYON","picto":"https:\/\/media.carrefour.fr\/medias\/bd605dd9b60f38948e53c4db12e8e9a4\/p_96x96\/2250.jpg","level":2,"sellerId":null,"slug":"compotes-fruits-au-sirop-et-cremes-desserts","selected":false,"children":[{"name":"Compotes","code":"R09F06SF01","id":"2251","type":"RAYON","picto":null,"level":3,"sellerId":null,"slug":"compotes","selected":false,"children":null,"layers":"\/navigation\/2251\/layers","link":"\/r\/epicerie-sucree\/compotes-fruits-au-sirop-et-cremes-desserts\/compotes"},{"name":"Fruits au sirop","code":"R09F06SF02","id":"2252","type":"RAYON","picto":null,"level":3,"sellerId":null,"slug":"fruits-au-sirop","selected":false,"children":null,"layers":"\/navigation\/2252\/layers","link":"\/r\/epicerie-sucree\/compotes-fruits-au-sirop-et-cremes-desserts\/fruits-au-sirop"},{"name":"Cr\u00e8mes dessert","code":"R09F06SF03","id":"2253","type":"RAYON","picto":null,"level":3,"sellerId":null,"slug":"cremes-dessert","selected":false,"children":null,"layers":"\/navigation\/2253\/layers","link":"\/r\/epicerie-sucree\/compotes-fruits-au-sirop-et-cremes-desserts\/cremes-dessert"}],"layers":"\/navigation\/2250\/layers","link":"\/r\/epicerie-sucree\/compotes-fruits-au-sirop-et-cremes-desserts"},{"name":"Di\u00e9t\u00e9tique et Bien-\u00eatre","code":"R09F07","id":"2263","type":"RAYON","picto":"https:\/\/media.carrefour.fr\/medias\/60dd3c6d99e5382984bac78396a46ed7\/p_96x96\/2263.jpg","level":2,"sellerId":null,"slug":"dietetique","selected":false,"children":[{"name":"Compl\u00e9ments alimentaires","code":"R09F07SF01","id":"2270","type":"RAYON","picto":null,"level":3,"sellerId":null,"slug":"complements-alimentaires","selected":false,"children":null,"layers":"\/navigation\/2270\/layers","link":"\/r\/epicerie-sucree\/dietetique\/complements-alimentaires"},{"name":"Sans Gluten","code":"R09F07SF02","id":"2264","type":"RAYON","picto":null,"level":3,"sellerId":null,"slug":"sans-gluten","selected":false,"children":null,"layers":"\/navigation\/2264\/layers","link":"\/r\/epicerie-sucree\/dietetique\/sans-gluten"},{"name":"Biscuits, Galettes et C\u00e9r\u00e9ales","code":"R09F07SF03","id":"2265","type":"RAYON","picto":null,"level":3,"sellerId":null,"slug":"biscuits-galettes-et-cereales","selected":false,"children":null,"layers":"\/navigation\/2265\/layers","link":"\/r\/epicerie-sucree\/dietetique\/biscuits-galettes-et-cereales"},{"name":"Boissons","code":"R09F07SF04","id":"2266","type":"RAYON","picto":null,"level":3,"sellerId":null,"slug":"boissons","selected":false,"children":null,"layers":"\/navigation\/2266\/layers","link":"\/r\/epicerie-sucree\/dietetique\/boissons"},{"name":"Th\u00e9s et Infusions","code":"R09F07SF05","id":"2267","type":"RAYON","picto":null,"level":3,"sellerId":null,"slug":"thes-et-infusions","selected":false,"children":null,"layers":"\/navigation\/2267\/layers","link":"\/r\/epicerie-sucree\/dietetique\/thes-et-infusions"},{"name":"Edulcorants","code":"R09F07SF06","id":"2268","type":"RAYON","picto":null,"level":3,"sellerId":null,"slug":"edulcorants","selected":false,"children":null,"layers":"\/navigation\/2268\/layers","link":"\/r\/epicerie-sucree\/dietetique\/edulcorants"},{"name":"Repas minceur et Barres","code":"R09F07SF07","id":"2269","type":"RAYON","picto":null,"level":3,"sellerId":null,"slug":"repas-minceur-et-barres","selected":false,"children":null,"layers":"\/navigation\/2269\/layers","link":"\/r\/epicerie-sucree\/dietetique\/repas-minceur-et-barres"}],"layers":"\/navigation\/2263\/layers","link":"\/r\/epicerie-sucree\/dietetique"}],"layers":"\/navigation\/2183\/layers","link":"\/r\/epicerie-sucree"},{"name":"Boissons","code":"R10","id":"27070","type":"RAYON","picto":"https:\/\/media.carrefour.fr\/medias\/5994db3414e934f68edcb2a3cd59ba20\/p_96x96\/27070.jpg","level":1,"sellerId":null,"slug":"boissons","selected":false,"children":[{"name":"Champagnes et P\u00e9tillants","code":"R10F01","id":"27075","type":"RAYON","picto":null,"level":2,"sellerId":null,"slug":"champagnes-petillants","selected":false,"children":[{"name":"Champagnes brut et demi-sec","code":"R10F01SF01","id":"28399","type":"RAYON","picto":null,"level":3,"sellerId":null,"slug":"champagnes-brut-demi-sec","selected":false,"children":null,"layers":"\/navigation\/28399\/layers","link":"\/r\/boissons\/champagnes-petillants\/champagnes-brut-demi-sec"},{"name":"Champagnes ros\u00e9s","code":"R10F01SF02","id":"27109","type":"RAYON","picto":null,"level":3,"sellerId":null,"slug":"champagnes-roses","selected":false,"children":null,"layers":"\/navigation\/27109\/layers","link":"\/r\/boissons\/champagnes-petillants\/champagnes-roses"},{"name":"Vins p\u00e9tillants et Mousseux","code":"R10F01SF03","id":"27110","type":"RAYON","picto":null,"level":3,"sellerId":null,"slug":"vins-petillants-mousseux","selected":false,"children":[{"name":"Mousseux","code":"R10F01SF03SS01","id":"28381","type":"RAYON","picto":null,"level":4,"sellerId":null,"slug":"mousseux","selected":false,"children":null,"layers":"\/navigation\/28381\/layers","link":"\/r\/boissons\/champagnes-petillants\/vins-petillants-mousseux\/mousseux"},{"name":"Cr\u00e9mants","code":"R10F01SF03SS02","id":"28382","type":"RAYON","picto":null,"level":4,"sellerId":null,"slug":"cremants","selected":false,"children":null,"layers":"\/navigation\/28382\/layers","link":"\/r\/boissons\/champagnes-petillants\/vins-petillants-mousseux\/cremants"},{"name":"Saumur et Vouvray","code":"R10F01SF03SS03","id":"28383","type":"RAYON","picto":null,"level":4,"sellerId":null,"slug":"saumur-vouvray","selected":false,"children":null,"layers":"\/navigation\/28383\/layers","link":"\/r\/boissons\/champagnes-petillants\/vins-petillants-mousseux\/saumur-vouvray"},{"name":"Vins p\u00e9tillants \u00e9trangers","code":"R10F01SF03SS04","id":"28384","type":"RAYON","picto":null,"level":4,"sellerId":null,"slug":"vins-petillants-etrangers","selected":false,"children":null,"layers":"\/navigation\/28384\/layers","link":"\/r\/boissons\/champagnes-petillants\/vins-petillants-mousseux\/vins-petillants-etrangers"}],"layers":"\/navigation\/27110\/layers","link":"\/r\/boissons\/champagnes-petillants\/vins-petillants-mousseux"},{"name":"Coffrets champagnes","code":"R10F01SF04","id":"28799","type":"RAYON","picto":null,"level":3,"sellerId":null,"slug":"coffrets-champagnes","selected":false,"children":null,"layers":"\/navigation\/28799\/layers","link":"\/r\/boissons\/champagnes-petillants\/coffrets-champagnes"}],"layers":"\/navigation\/27075\/layers","link":"\/r\/boissons\/champagnes-petillants"},{"name":"Cave \u00e0 vins","code":"R10F02","id":"27074","type":"RAYON","picto":null,"level":2,"sellerId":null,"slug":"cave-a-vins","selected":false,"children":[{"name":"Vins rouges","code":"R10F02SF01","id":"27105","type":"RAYON","picto":null,"level":3,"sellerId":null,"slug":"vins-rouges","selected":false,"children":[{"name":"Bordeaux","code":"R10F02SF01SS01","id":"27141","type":"RAYON","picto":null,"level":4,"sellerId":null,"slug":"bordeaux","selected":false,"children":null,"layers":"\/navigation\/27141\/layers","link":"\/r\/boissons\/cave-a-vins\/vins-rouges\/bordeaux"},{"name":"Vall\u00e9e du Rh\u00f4ne","code":"R10F02SF01SS02","id":"27142","type":"RAYON","picto":null,"level":4,"sellerId":null,"slug":"vallee-du-rhone","selected":false,"children":null,"layers":"\/navigation\/27142\/layers","link":"\/r\/boissons\/cave-a-vins\/vins-rouges\/vallee-du-rhone"},{"name":"Languedoc-Roussillon","code":"R10F02SF01SS03","id":"27143","type":"RAYON","picto":null,"level":4,"sellerId":null,"slug":"languedoc-roussillon","selected":false,"children":null,"layers":"\/navigation\/27143\/layers","link":"\/r\/boissons\/cave-a-vins\/vins-rouges\/languedoc-roussillon"},{"name":"Bourgogne","code":"R10F02SF01SS04","id":"27144","type":"RAYON","picto":null,"level":4,"sellerId":null,"slug":"bourgogne","selected":false,"children":null,"layers":"\/navigation\/27144\/layers","link":"\/r\/boissons\/cave-a-vins\/vins-rouges\/bourgogne"},{"name":"Sud-Ouest","code":"R10F02SF01SS05","id":"27145","type":"RAYON","picto":null,"level":4,"sellerId":null,"slug":"sud-ouest","selected":false,"children":null,"layers":"\/navigation\/27145\/layers","link":"\/r\/boissons\/cave-a-vins\/vins-rouges\/sud-ouest"},{"name":"Val de Loire","code":"R10F02SF01SS06","id":"27147","type":"RAYON","picto":null,"level":4,"sellerId":null,"slug":"val-de-loire","selected":false,"children":null,"layers":"\/navigation\/27147\/layers","link":"\/r\/boissons\/cave-a-vins\/vins-rouges\/val-de-loire"},{"name":"Provence et Corse","code":"R10F02SF01SS07","id":"27148","type":"RAYON","picto":null,"level":4,"sellerId":null,"slug":"provence-corse","selected":false,"children":null,"layers":"\/navigation\/27148\/layers","link":"\/r\/boissons\/cave-a-vins\/vins-rouges\/provence-corse"},{"name":"Autres r\u00e9gions","code":"R10F02SF01SS08","id":"27149","type":"RAYON","picto":null,"level":4,"sellerId":null,"slug":"autres-regions","selected":false,"children":null,"layers":"\/navigation\/27149\/layers","link":"\/r\/boissons\/cave-a-vins\/vins-rouges\/autres-regions"},{"name":"Beaujolais","code":"R10F02SF01SS09","id":"27146","type":"RAYON","picto":null,"level":4,"sellerId":null,"slug":"beaujolais","selected":false,"children":null,"layers":"\/navigation\/27146\/layers","link":"\/r\/boissons\/cave-a-vins\/vins-rouges\/beaujolais"},{"name":"Vins de pays et Vins de table rouge","code":"R10F02SF01SS10","id":"27150","type":"RAYON","picto":null,"level":4,"sellerId":null,"slug":"vins-de-pays-vins-de-table-rouge","selected":false,"children":null,"layers":"\/navigation\/27150\/layers","link":"\/r\/boissons\/cave-a-vins\/vins-rouges\/vins-de-pays-vins-de-table-rouge"}],"layers":"\/navigation\/27105\/layers","link":"\/r\/boissons\/cave-a-vins\/vins-rouges"},{"name":"Vins blancs","code":"R10F02SF02","id":"27106","type":"RAYON","picto":null,"level":3,"sellerId":null,"slug":"vins-blancs","selected":false,"children":[{"name":"Bourgogne","code":"R10F02SF02SS01","id":"27151","type":"RAYON","picto":null,"level":4,"sellerId":null,"slug":"bourgogne","selected":false,"children":null,"layers":"\/navigation\/27151\/layers","link":"\/r\/boissons\/cave-a-vins\/vins-blancs\/bourgogne"},{"name":"Alsace","code":"R10F02SF02SS02","id":"27152","type":"RAYON","picto":null,"level":4,"sellerId":null,"slug":"alsace","selected":false,"children":null,"layers":"\/navigation\/27152\/layers","link":"\/r\/boissons\/cave-a-vins\/vins-blancs\/alsace"},{"name":"Val de Loire","code":"R10F02SF02SS03","id":"27153","type":"RAYON","picto":null,"level":4,"sellerId":null,"slug":"val-de-loire","selected":false,"children":null,"layers":"\/navigation\/27153\/layers","link":"\/r\/boissons\/cave-a-vins\/vins-blancs\/val-de-loire"},{"name":"Bordeaux","code":"R10F02SF02SS04","id":"27154","type":"RAYON","picto":null,"level":4,"sellerId":null,"slug":"bordeaux","selected":false,"children":null,"layers":"\/navigation\/27154\/layers","link":"\/r\/boissons\/cave-a-vins\/vins-blancs\/bordeaux"},{"name":"Languedoc-Roussillon","code":"R10F02SF02SS05","id":"27155","type":"RAYON","picto":null,"level":4,"sellerId":null,"slug":"languedoc-roussillon","selected":false,"children":null,"layers":"\/navigation\/27155\/layers","link":"\/r\/boissons\/cave-a-vins\/vins-blancs\/languedoc-roussillon"},{"name":"Sud-Ouest","code":"R10F02SF02SS06","id":"27156","type":"RAYON","picto":null,"level":4,"sellerId":null,"slug":"sud-ouest","selected":false,"children":null,"layers":"\/navigation\/27156\/layers","link":"\/r\/boissons\/cave-a-vins\/vins-blancs\/sud-ouest"},{"name":"Vall\u00e9e du Rh\u00f4ne","code":"R10F02SF02SS07","id":"27157","type":"RAYON","picto":null,"level":4,"sellerId":null,"slug":"vallee-du-rhone","selected":false,"children":null,"layers":"\/navigation\/27157\/layers","link":"\/r\/boissons\/cave-a-vins\/vins-blancs\/vallee-du-rhone"},{"name":"Provence et Corse","code":"R10F02SF02SS08","id":"27158","type":"RAYON","picto":null,"level":4,"sellerId":null,"slug":"provence-corse","selected":false,"children":null,"layers":"\/navigation\/27158\/layers","link":"\/r\/boissons\/cave-a-vins\/vins-blancs\/provence-corse"},{"name":"Autres r\u00e9gions","code":"R10F02SF02SS09","id":"27159","type":"RAYON","picto":null,"level":4,"sellerId":null,"slug":"autres-regions","selected":false,"children":null,"layers":"\/navigation\/27159\/layers","link":"\/r\/boissons\/cave-a-vins\/vins-blancs\/autres-regions"},{"name":"Vins de pays et Vins de table blanc","code":"R10F02SF02SS10","id":"27160","type":"RAYON","picto":null,"level":4,"sellerId":null,"slug":"vins-de-pays-vins-de-table-blanc","selected":false,"children":null,"layers":"\/navigation\/27160\/layers","link":"\/r\/boissons\/cave-a-vins\/vins-blancs\/vins-de-pays-vins-de-table-blanc"}],"layers":"\/navigation\/27106\/layers","link":"\/r\/boissons\/cave-a-vins\/vins-blancs"},{"name":"Vins ros\u00e9s","code":"R10F02SF03","id":"27107","type":"RAYON","picto":null,"level":3,"sellerId":null,"slug":"vins-roses","selected":false,"children":[{"name":"Provence","code":"R10F02SF03SS01","id":"28272","type":"RAYON","picto":null,"level":4,"sellerId":null,"slug":"provence","selected":false,"children":null,"layers":"\/navigation\/28272\/layers","link":"\/r\/boissons\/cave-a-vins\/vins-roses\/provence"},{"name":"Corse","code":"R10F02SF03SS02","id":"28273","type":"RAYON","picto":null,"level":4,"sellerId":null,"slug":"corse","selected":false,"children":null,"layers":"\/navigation\/28273\/layers","link":"\/r\/boissons\/cave-a-vins\/vins-roses\/corse"},{"name":"Languedoc-Roussillon","code":"R10F02SF03SS03","id":"27162","type":"RAYON","picto":null,"level":4,"sellerId":null,"slug":"languedoc-roussillon","selected":false,"children":null,"layers":"\/navigation\/27162\/layers","link":"\/r\/boissons\/cave-a-vins\/vins-roses\/languedoc-roussillon"},{"name":"Val de Loire","code":"R10F02SF03SS04","id":"27163","type":"RAYON","picto":null,"level":4,"sellerId":null,"slug":"val-de-loire","selected":false,"children":null,"layers":"\/navigation\/27163\/layers","link":"\/r\/boissons\/cave-a-vins\/vins-roses\/val-de-loire"},{"name":"Autres r\u00e9gions","code":"R10F02SF03SS05","id":"27164","type":"RAYON","picto":null,"level":4,"sellerId":null,"slug":"autres-regions","selected":false,"children":null,"layers":"\/navigation\/27164\/layers","link":"\/r\/boissons\/cave-a-vins\/vins-roses\/autres-regions"},{"name":"Vins de pays et Vins de table ros\u00e9","code":"R10F02SF03SS06","id":"27165","type":"RAYON","picto":null,"level":4,"sellerId":null,"slug":"vins-de-pays-vins-de-table-rose","selected":false,"children":null,"layers":"\/navigation\/27165\/layers","link":"\/r\/boissons\/cave-a-vins\/vins-roses\/vins-de-pays-vins-de-table-rose"}],"layers":"\/navigation\/27107\/layers","link":"\/r\/boissons\/cave-a-vins\/vins-roses"},{"name":"Vins \u00e9trangers","code":"R10F02SF04","id":"27139","type":"RAYON","picto":null,"level":3,"sellerId":null,"slug":"vins-etrangers","selected":false,"children":null,"layers":"\/navigation\/27139\/layers","link":"\/r\/boissons\/cave-a-vins\/vins-etrangers"},{"name":"Fontaines \u00e0 vins","code":"R10F02SF05","id":"27140","type":"RAYON","picto":null,"level":3,"sellerId":null,"slug":"fontaines-vins","selected":false,"children":null,"layers":"\/navigation\/27140\/layers","link":"\/r\/boissons\/cave-a-vins\/fontaines-vins"}],"layers":"\/navigation\/27074\/layers","link":"\/r\/boissons\/cave-a-vins"},{"name":"Bi\u00e8res et Cidres","code":"R10F03","id":"27076","type":"RAYON","picto":null,"level":2,"sellerId":null,"slug":"bieres-cidres","selected":false,"children":[{"name":"Coffrets bi\u00e8res et Calendriers de l'avent ","code":"R10F03SF01","id":"27117","type":"RAYON","picto":null,"level":3,"sellerId":null,"slug":"coffrets-bieres","selected":false,"children":[{"name":"Coffrets bi\u00e8res","code":"R10F03SF01SS01","id":"28387","type":"RAYON","picto":null,"level":4,"sellerId":null,"slug":"coffrets-bieres","selected":false,"children":null,"layers":"\/navigation\/28387\/layers","link":"\/r\/boissons\/bieres-cidres\/coffrets-bieres\/coffrets-bieres"}],"layers":"\/navigation\/27117\/layers","link":"\/r\/boissons\/bieres-cidres\/coffrets-bieres"},{"name":"Cave \u00e0 bi\u00e8res","code":"R10F03SF02","id":"28118","type":"RAYON","picto":null,"level":3,"sellerId":null,"slug":"cave-a-bieres","selected":false,"children":null,"layers":"\/navigation\/28118\/layers","link":"\/r\/boissons\/bieres-cidres\/cave-a-bieres"},{"name":"Bi\u00e8res blondes","code":"R10F03SF03","id":"27112","type":"RAYON","picto":null,"level":3,"sellerId":null,"slug":"bieres-blondes","selected":false,"children":null,"layers":"\/navigation\/27112\/layers","link":"\/r\/boissons\/bieres-cidres\/bieres-blondes"},{"name":"Bi\u00e8res blanches","code":"R10F03SF04","id":"28386","type":"RAYON","picto":null,"level":3,"sellerId":null,"slug":"bieres-blanches","selected":false,"children":null,"layers":"\/navigation\/28386\/layers","link":"\/r\/boissons\/bieres-cidres\/bieres-blanches"},{"name":"Bi\u00e8res ar\u00f4matis\u00e9es","code":"R10F03SF05","id":"28385","type":"RAYON","picto":null,"level":3,"sellerId":null,"slug":"bieres-aromatisees","selected":false,"children":null,"layers":"\/navigation\/28385\/layers","link":"\/r\/boissons\/bieres-cidres\/bieres-aromatisees"},{"name":"Bi\u00e8res brunes et ambr\u00e9es","code":"R10F03SF06","id":"27114","type":"RAYON","picto":null,"level":3,"sellerId":null,"slug":"bieres-brunes-ambrees","selected":false,"children":null,"layers":"\/navigation\/27114\/layers","link":"\/r\/boissons\/bieres-cidres\/bieres-brunes-ambrees"},{"name":"Bi\u00e8res d'Abbaye","code":"R10F03SF07","id":"28117","type":"RAYON","picto":null,"level":3,"sellerId":null,"slug":"bieres-abbaye","selected":false,"children":null,"layers":"\/navigation\/28117\/layers","link":"\/r\/boissons\/bieres-cidres\/bieres-abbaye"},{"name":"Bi\u00e8res sans alcool et Panach\u00e9s","code":"R10F03SF08","id":"27115","type":"RAYON","picto":null,"level":3,"sellerId":null,"slug":"bieres-sans-alcool-panaches","selected":false,"children":null,"layers":"\/navigation\/27115\/layers","link":"\/r\/boissons\/bieres-cidres\/bieres-sans-alcool-panaches"},{"name":"Cidres","code":"R10F03SF09","id":"27116","type":"RAYON","picto":null,"level":3,"sellerId":null,"slug":"cidres","selected":false,"children":null,"layers":"\/navigation\/27116\/layers","link":"\/r\/boissons\/bieres-cidres\/cidres"},{"name":"Hard Seltzer","code":"R10F03SF10","id":"28611","type":"RAYON","picto":null,"level":3,"sellerId":null,"slug":"hard-seltzer","selected":false,"children":null,"layers":"\/navigation\/28611\/layers","link":"\/r\/boissons\/bieres-cidres\/hard-seltzer"}],"layers":"\/navigation\/27076\/layers","link":"\/r\/boissons\/bieres-cidres"},{"name":"Ap\u00e9ritifs et Spiritueux","code":"R10F04","id":"27077","type":"RAYON","picto":null,"level":2,"sellerId":null,"slug":"aperitifs-et-spiritueux","selected":false,"children":[{"name":"Pastis et Anis\u00e9s","code":"R10F04SF01","id":"27122","type":"RAYON","picto":null,"level":3,"sellerId":null,"slug":"pastis-anises","selected":false,"children":[{"name":"Pastis","code":"R10F04SF01SS01","id":"28389","type":"RAYON","picto":null,"level":4,"sellerId":null,"slug":"pastis","selected":false,"children":null,"layers":"\/navigation\/28389\/layers","link":"\/r\/boissons\/aperitifs-et-spiritueux\/pastis-anises\/pastis"},{"name":"Absinthes","code":"R10F04SF01SS02","id":"28390","type":"RAYON","picto":null,"level":4,"sellerId":null,"slug":"absinthes","selected":false,"children":null,"layers":"\/navigation\/28390\/layers","link":"\/r\/boissons\/aperitifs-et-spiritueux\/pastis-anises\/absinthes"},{"name":"Anisettes","code":"R10F04SF01SS03","id":"28391","type":"RAYON","picto":null,"level":4,"sellerId":null,"slug":"anisettes","selected":false,"children":null,"layers":"\/navigation\/28391\/layers","link":"\/r\/boissons\/aperitifs-et-spiritueux\/pastis-anises\/anisettes"},{"name":"Ouzo","code":"R10F04SF01SS04","id":"28392","type":"RAYON","picto":null,"level":4,"sellerId":null,"slug":"ouzo","selected":false,"children":null,"layers":"\/navigation\/28392\/layers","link":"\/r\/boissons\/aperitifs-et-spiritueux\/pastis-anises\/ouzo"}],"layers":"\/navigation\/27122\/layers","link":"\/r\/boissons\/aperitifs-et-spiritueux\/pastis-anises"},{"name":"Rhums","code":"R10F04SF02","id":"27123","type":"RAYON","picto":null,"level":3,"sellerId":null,"slug":"rhums","selected":false,"children":[{"name":"Rhums blancs","code":"R10F04SF02SS01","id":"27129","type":"RAYON","picto":null,"level":4,"sellerId":null,"slug":"rhums-blancs","selected":false,"children":null,"layers":"\/navigation\/27129\/layers","link":"\/r\/boissons\/aperitifs-et-spiritueux\/rhums\/rhums-blancs"},{"name":"Rhums ambr\u00e9s","code":"R10F04SF02SS02","id":"27130","type":"RAYON","picto":null,"level":4,"sellerId":null,"slug":"rhums-ambres","selected":false,"children":null,"layers":"\/navigation\/27130\/layers","link":"\/r\/boissons\/aperitifs-et-spiritueux\/rhums\/rhums-ambres"},{"name":"Rhums arrang\u00e9s et \u00e9pic\u00e9s","code":"R10F04SF02SS03","id":"27131","type":"RAYON","picto":null,"level":4,"sellerId":null,"slug":"rhums-arranges-epices","selected":false,"children":null,"layers":"\/navigation\/27131\/layers","link":"\/r\/boissons\/aperitifs-et-spiritueux\/rhums\/rhums-arranges-epices"}],"layers":"\/navigation\/27123\/layers","link":"\/r\/boissons\/aperitifs-et-spiritueux\/rhums"},{"name":"Vodka","code":"R10F04SF03","id":"27132","type":"RAYON","picto":null,"level":3,"sellerId":null,"slug":"vodka","selected":false,"children":null,"layers":"\/navigation\/27132\/layers","link":"\/r\/boissons\/aperitifs-et-spiritueux\/vodka"},{"name":"Gins et Tequila","code":"R10F04SF04","id":"28398","type":"RAYON","picto":null,"level":3,"sellerId":null,"slug":"gins-tequila","selected":false,"children":[{"name":"Gin","code":"R10F04SF04SS01","id":"27133","type":"RAYON","picto":null,"level":4,"sellerId":null,"slug":"gin","selected":false,"children":null,"layers":"\/navigation\/27133\/layers","link":"\/r\/boissons\/aperitifs-et-spiritueux\/gins-tequila\/gin"},{"name":"Tequila","code":"R10F04SF04SS02","id":"27134","type":"RAYON","picto":null,"level":4,"sellerId":null,"slug":"tequila","selected":false,"children":null,"layers":"\/navigation\/27134\/layers","link":"\/r\/boissons\/aperitifs-et-spiritueux\/gins-tequila\/tequila"}],"layers":"\/navigation\/28398\/layers","link":"\/r\/boissons\/aperitifs-et-spiritueux\/gins-tequila"},{"name":"Vin doux, Portos et Amers","code":"R10F04SF05","id":"27128","type":"RAYON","picto":null,"level":3,"sellerId":null,"slug":"vin-doux-portos-amers","selected":false,"children":[{"name":"Vins doux","code":"R10F04SF05SS01","id":"27135","type":"RAYON","picto":null,"level":4,"sellerId":null,"slug":"vins-doux","selected":false,"children":null,"layers":"\/navigation\/27135\/layers","link":"\/r\/boissons\/aperitifs-et-spiritueux\/vin-doux-portos-amers\/vins-doux"},{"name":"Portos","code":"R10F04SF05SS02","id":"27136","type":"RAYON","picto":null,"level":4,"sellerId":null,"slug":"portos","selected":false,"children":null,"layers":"\/navigation\/27136\/layers","link":"\/r\/boissons\/aperitifs-et-spiritueux\/vin-doux-portos-amers\/portos"},{"name":"Amers","code":"R10F04SF05SS03","id":"27137","type":"RAYON","picto":null,"level":4,"sellerId":null,"slug":"amers","selected":false,"children":null,"layers":"\/navigation\/27137\/layers","link":"\/r\/boissons\/aperitifs-et-spiritueux\/vin-doux-portos-amers\/amers"}],"layers":"\/navigation\/27128\/layers","link":"\/r\/boissons\/aperitifs-et-spiritueux\/vin-doux-portos-amers"},{"name":"Whisky","code":"R10F04SF06","id":"27169","type":"RAYON","picto":null,"level":3,"sellerId":null,"slug":"whisky","selected":false,"children":[{"name":"Blended whisky","code":"R10F04SF06SS01","id":"27170","type":"RAYON","picto":null,"level":4,"sellerId":null,"slug":"blended-whisky","selected":false,"children":null,"layers":"\/navigation\/27170\/layers","link":"\/r\/boissons\/aperitifs-et-spiritueux\/whisky\/blended-whisky"},{"name":"Whisky bourbon","code":"R10F04SF06SS02","id":"27171","type":"RAYON","picto":null,"level":4,"sellerId":null,"slug":"whisky-bourbon","selected":false,"children":null,"layers":"\/navigation\/27171\/layers","link":"\/r\/boissons\/aperitifs-et-spiritueux\/whisky\/whisky-bourbon"},{"name":"Whisky single malt","code":"R10F04SF06SS03","id":"27180","type":"RAYON","picto":null,"level":4,"sellerId":null,"slug":"whisky-single-malt","selected":false,"children":null,"layers":"\/navigation\/27180\/layers","link":"\/r\/boissons\/aperitifs-et-spiritueux\/whisky\/whisky-single-malt"}],"layers":"\/navigation\/27169\/layers","link":"\/r\/boissons\/aperitifs-et-spiritueux\/whisky"},{"name":"Liqueurs et Digestifs","code":"R10F04SF07","id":"27126","type":"RAYON","picto":null,"level":3,"sellerId":null,"slug":"liqueurs-digestifs","selected":false,"children":[{"name":"Cognacs et Armagnacs","code":"R10F04SF07SS01","id":"28393","type":"RAYON","picto":null,"level":4,"sellerId":null,"slug":"cognacs-armagnacs","selected":false,"children":null,"layers":"\/navigation\/28393\/layers","link":"\/r\/boissons\/aperitifs-et-spiritueux\/liqueurs-digestifs\/cognacs-armagnacs"},{"name":"Eaux de vie","code":"R10F04SF07SS02","id":"28394","type":"RAYON","picto":null,"level":4,"sellerId":null,"slug":"eaux-vie","selected":false,"children":null,"layers":"\/navigation\/28394\/layers","link":"\/r\/boissons\/aperitifs-et-spiritueux\/liqueurs-digestifs\/eaux-vie"},{"name":"Cr\u00e8mes de fruits","code":"R10F04SF07SS03","id":"28395","type":"RAYON","picto":null,"level":4,"sellerId":null,"slug":"cremes-fruits","selected":false,"children":null,"layers":"\/navigation\/28395\/layers","link":"\/r\/boissons\/aperitifs-et-spiritueux\/liqueurs-digestifs\/cremes-fruits"},{"name":"Liqueurs","code":"R10F04SF07SS04","id":"28396","type":"RAYON","picto":null,"level":4,"sellerId":null,"slug":"liqueurs","selected":false,"children":null,"layers":"\/navigation\/28396\/layers","link":"\/r\/boissons\/aperitifs-et-spiritueux\/liqueurs-digestifs\/liqueurs"}],"layers":"\/navigation\/27126\/layers","link":"\/r\/boissons\/aperitifs-et-spiritueux\/liqueurs-digestifs"},{"name":"Punch et Cocktails","code":"R10F04SF08","id":"27125","type":"RAYON","picto":null,"level":3,"sellerId":null,"slug":"punch-cocktails","selected":false,"children":null,"layers":"\/navigation\/27125\/layers","link":"\/r\/boissons\/aperitifs-et-spiritueux\/punch-cocktails"},{"name":"Ap\u00e9ritifs sans alcool","code":"R10F04SF09","id":"27127","type":"RAYON","picto":null,"level":3,"sellerId":null,"slug":"aperitifs-sans-alcool","selected":false,"children":null,"layers":"\/navigation\/27127\/layers","link":"\/r\/boissons\/aperitifs-et-spiritueux\/aperitifs-sans-alcool"}],"layers":"\/navigation\/27077\/layers","link":"\/r\/boissons\/aperitifs-et-spiritueux"},{"name":"Eaux","code":"R10F05","id":"27071","type":"RAYON","picto":null,"level":2,"sellerId":null,"slug":"eaux","selected":false,"children":[{"name":"Eaux plates","code":"R10F05SF01","id":"27078","type":"RAYON","picto":null,"level":3,"sellerId":null,"slug":"eaux-plates","selected":false,"children":null,"layers":"\/navigation\/27078\/layers","link":"\/r\/boissons\/eaux\/eaux-plates"},{"name":"Eaux gazeuses","code":"R10F05SF02","id":"27079","type":"RAYON","picto":null,"level":3,"sellerId":null,"slug":"eaux-gazeuses","selected":false,"children":null,"layers":"\/navigation\/27079\/layers","link":"\/r\/boissons\/eaux\/eaux-gazeuses"},{"name":"Eaux aromatis\u00e9es","code":"R10F05SF03","id":"27080","type":"RAYON","picto":null,"level":3,"sellerId":null,"slug":"eaux-aromatisees","selected":false,"children":[{"name":"Eaux plates aromatis\u00e9es","code":"R10F05SF03SS01","id":"28264","type":"RAYON","picto":null,"level":4,"sellerId":null,"slug":"eaux-plates-aromatisees","selected":false,"children":null,"layers":"\/navigation\/28264\/layers","link":"\/r\/boissons\/eaux\/eaux-aromatisees\/eaux-plates-aromatisees"},{"name":"Eaux gazeuses aromatis\u00e9es ","code":"R10F05SF03SS02","id":"28265","type":"RAYON","picto":null,"level":4,"sellerId":null,"slug":"eaux-gazeuses-aromatisees","selected":false,"children":null,"layers":"\/navigation\/28265\/layers","link":"\/r\/boissons\/eaux\/eaux-aromatisees\/eaux-gazeuses-aromatisees"}],"layers":"\/navigation\/27080\/layers","link":"\/r\/boissons\/eaux\/eaux-aromatisees"}],"layers":"\/navigation\/27071\/layers","link":"\/r\/boissons\/eaux"},{"name":"Jus de fruits et L\u00e9gumes","code":"R10F06","id":"27072","type":"RAYON","picto":null,"level":2,"sellerId":null,"slug":"jus-fruits-legumes","selected":false,"children":[{"name":"Jus d'orange et Agrumes","code":"R10F06SF01","id":"27083","type":"RAYON","picto":null,"level":3,"sellerId":null,"slug":"jus-orange-agrumes","selected":false,"children":[{"name":"Jus d'orange","code":"R10F06SF01SS01","id":"27084","type":"RAYON","picto":null,"level":4,"sellerId":null,"slug":"jus-orange","selected":false,"children":null,"layers":"\/navigation\/27084\/layers","link":"\/r\/boissons\/jus-fruits-legumes\/jus-orange-agrumes\/jus-orange"},{"name":"Jus de pamplemousse","code":"R10F06SF01SS02","id":"27085","type":"RAYON","picto":null,"level":4,"sellerId":null,"slug":"jus-pamplemousse","selected":false,"children":null,"layers":"\/navigation\/27085\/layers","link":"\/r\/boissons\/jus-fruits-legumes\/jus-orange-agrumes\/jus-pamplemousse"},{"name":"Jus de citron","code":"R10F06SF01SS03","id":"28271","type":"RAYON","picto":null,"level":4,"sellerId":null,"slug":"jus-citron","selected":false,"children":null,"layers":"\/navigation\/28271\/layers","link":"\/r\/boissons\/jus-fruits-legumes\/jus-orange-agrumes\/jus-citron"},{"name":"Autres agrumes","code":"R10F06SF01SS04","id":"27086","type":"RAYON","picto":null,"level":4,"sellerId":null,"slug":"autres-agrumes","selected":false,"children":null,"layers":"\/navigation\/27086\/layers","link":"\/r\/boissons\/jus-fruits-legumes\/jus-orange-agrumes\/autres-agrumes"}],"layers":"\/navigation\/27083\/layers","link":"\/r\/boissons\/jus-fruits-legumes\/jus-orange-agrumes"},{"name":"Jus multifruits et Multivitamin\u00e9s","code":"R10F06SF02","id":"27096","type":"RAYON","picto":null,"level":3,"sellerId":null,"slug":"jus-multifruits-multivitamines","selected":false,"children":null,"layers":"\/navigation\/27096\/layers","link":"\/r\/boissons\/jus-fruits-legumes\/jus-multifruits-multivitamines"},{"name":"Jus de pomme et Fruits du verger","code":"R10F06SF03","id":"27091","type":"RAYON","picto":null,"level":3,"sellerId":null,"slug":"jus-pomme-fruits-du-verger","selected":false,"children":[{"name":"Jus de pomme","code":"R10F06SF03SS01","id":"27092","type":"RAYON","picto":null,"level":4,"sellerId":null,"slug":"jus-pomme","selected":false,"children":null,"layers":"\/navigation\/27092\/layers","link":"\/r\/boissons\/jus-fruits-legumes\/jus-pomme-fruits-du-verger\/jus-pomme"},{"name":"Jus de raisin","code":"R10F06SF03SS02","id":"27093","type":"RAYON","picto":null,"level":4,"sellerId":null,"slug":"jus-raisin","selected":false,"children":null,"layers":"\/navigation\/27093\/layers","link":"\/r\/boissons\/jus-fruits-legumes\/jus-pomme-fruits-du-verger\/jus-raisin"},{"name":"Jus d'abricot","code":"R10F06SF03SS03","id":"28375","type":"RAYON","picto":null,"level":4,"sellerId":null,"slug":"jus-abricot","selected":false,"children":null,"layers":"\/navigation\/28375\/layers","link":"\/r\/boissons\/jus-fruits-legumes\/jus-pomme-fruits-du-verger\/jus-abricot"},{"name":"Jus de poire","code":"R10F06SF03SS04","id":"28376","type":"RAYON","picto":null,"level":4,"sellerId":null,"slug":"jus-poire","selected":false,"children":null,"layers":"\/navigation\/28376\/layers","link":"\/r\/boissons\/jus-fruits-legumes\/jus-pomme-fruits-du-verger\/jus-poire"},{"name":"Jus de p\u00eache","code":"R10F06SF03SS05","id":"28377","type":"RAYON","picto":null,"level":4,"sellerId":null,"slug":"jus-peche","selected":false,"children":null,"layers":"\/navigation\/28377\/layers","link":"\/r\/boissons\/jus-fruits-legumes\/jus-pomme-fruits-du-verger\/jus-peche"},{"name":"Jus de fraise","code":"R10F06SF03SS06","id":"28378","type":"RAYON","picto":null,"level":4,"sellerId":null,"slug":"jus-fraise","selected":false,"children":null,"layers":"\/navigation\/28378\/layers","link":"\/r\/boissons\/jus-fruits-legumes\/jus-pomme-fruits-du-verger\/jus-fraise"},{"name":"Autres fruits du verger","code":"R10F06SF03SS07","id":"27094","type":"RAYON","picto":null,"level":4,"sellerId":null,"slug":"autres-fruits-du-verger","selected":false,"children":null,"layers":"\/navigation\/27094\/layers","link":"\/r\/boissons\/jus-fruits-legumes\/jus-pomme-fruits-du-verger\/autres-fruits-du-verger"}],"layers":"\/navigation\/27091\/layers","link":"\/r\/boissons\/jus-fruits-legumes\/jus-pomme-fruits-du-verger"},{"name":"Jus d'Ananas et Fruits exotiques","code":"R10F06SF04","id":"27087","type":"RAYON","picto":null,"level":3,"sellerId":null,"slug":"jus-ananas-fruits-exotiques","selected":false,"children":[{"name":"Jus d'ananas","code":"R10F06SF04SS01","id":"27088","type":"RAYON","picto":null,"level":4,"sellerId":null,"slug":"jus-ananas","selected":false,"children":null,"layers":"\/navigation\/27088\/layers","link":"\/r\/boissons\/jus-fruits-legumes\/jus-ananas-fruits-exotiques\/jus-ananas"},{"name":"Jus de mangue","code":"R10F06SF04SS02","id":"27089","type":"RAYON","picto":null,"level":4,"sellerId":null,"slug":"jus-mangue","selected":false,"children":null,"layers":"\/navigation\/27089\/layers","link":"\/r\/boissons\/jus-fruits-legumes\/jus-ananas-fruits-exotiques\/jus-mangue"},{"name":"Jus de banane","code":"R10F06SF04SS03","id":"28379","type":"RAYON","picto":null,"level":4,"sellerId":null,"slug":"jus-banane","selected":false,"children":null,"layers":"\/navigation\/28379\/layers","link":"\/r\/boissons\/jus-fruits-legumes\/jus-ananas-fruits-exotiques\/jus-banane"},{"name":"Jus de goyave","code":"R10F06SF04SS04","id":"28380","type":"RAYON","picto":null,"level":4,"sellerId":null,"slug":"jus-goyave","selected":false,"children":null,"layers":"\/navigation\/28380\/layers","link":"\/r\/boissons\/jus-fruits-legumes\/jus-ananas-fruits-exotiques\/jus-goyave"},{"name":"Autres fruits exotiques","code":"R10F06SF04SS05","id":"27090","type":"RAYON","picto":null,"level":4,"sellerId":null,"slug":"autres-fruits-exotiques","selected":false,"children":null,"layers":"\/navigation\/27090\/layers","link":"\/r\/boissons\/jus-fruits-legumes\/jus-ananas-fruits-exotiques\/autres-fruits-exotiques"}],"layers":"\/navigation\/27087\/layers","link":"\/r\/boissons\/jus-fruits-legumes\/jus-ananas-fruits-exotiques"},{"name":"Jus formats pockets","code":"R10F06SF05","id":"27095","type":"RAYON","picto":null,"level":3,"sellerId":null,"slug":"jus-formats-pockets","selected":false,"children":null,"layers":"\/navigation\/27095\/layers","link":"\/r\/boissons\/jus-fruits-legumes\/jus-formats-pockets"},{"name":"Jus bien-\u00eatre et Detox","code":"R10F06SF06","id":"28266","type":"RAYON","picto":null,"level":3,"sellerId":null,"slug":"jus-bien-etre-detox","selected":false,"children":null,"layers":"\/navigation\/28266\/layers","link":"\/r\/boissons\/jus-fruits-legumes\/jus-bien-etre-detox"},{"name":"Jus de l\u00e9gumes","code":"R10F06SF07","id":"28267","type":"RAYON","picto":null,"level":3,"sellerId":null,"slug":"jus-legumes","selected":false,"children":null,"layers":"\/navigation\/28267\/layers","link":"\/r\/boissons\/jus-fruits-legumes\/jus-legumes"}],"layers":"\/navigation\/27072\/layers","link":"\/r\/boissons\/jus-fruits-legumes"},{"name":"Colas, Th\u00e9s glac\u00e9s et Softs","code":"R10F07","id":"27073","type":"RAYON","picto":null,"level":2,"sellerId":null,"slug":"colas-thes-glaces-et-soft-drinks","selected":false,"children":[{"name":"Colas","code":"R10F07SF01","id":"27098","type":"RAYON","picto":null,"level":3,"sellerId":null,"slug":"colas","selected":false,"children":null,"layers":"\/navigation\/27098\/layers","link":"\/r\/boissons\/colas-thes-glaces-et-soft-drinks\/colas"},{"name":"Th\u00e9s et Infusions glac\u00e9s","code":"R10F07SF02","id":"27099","type":"RAYON","picto":null,"level":3,"sellerId":null,"slug":"thes-infusions-glaces","selected":false,"children":null,"layers":"\/navigation\/27099\/layers","link":"\/r\/boissons\/colas-thes-glaces-et-soft-drinks\/thes-infusions-glaces"},{"name":"Citronnades et Boissons bien-\u00eatre","code":"R10F07SF03","id":"27100","type":"RAYON","picto":null,"level":3,"sellerId":null,"slug":"citronnades-boissons-bien-etre","selected":false,"children":null,"layers":"\/navigation\/27100\/layers","link":"\/r\/boissons\/colas-thes-glaces-et-soft-drinks\/citronnades-boissons-bien-etre"},{"name":"Limonades, Limes et Tonics","code":"R10F07SF04","id":"27101","type":"RAYON","picto":null,"level":3,"sellerId":null,"slug":"limonades-limes-tonics","selected":false,"children":null,"layers":"\/navigation\/27101\/layers","link":"\/r\/boissons\/colas-thes-glaces-et-soft-drinks\/limonades-limes-tonics"},{"name":"Boissons plates aux fruits","code":"R10F07SF05","id":"27102","type":"RAYON","picto":null,"level":3,"sellerId":null,"slug":"boissons-plates-aux-fruits","selected":false,"children":null,"layers":"\/navigation\/27102\/layers","link":"\/r\/boissons\/colas-thes-glaces-et-soft-drinks\/boissons-plates-aux-fruits"},{"name":"Boissons gazeuses aux fruits","code":"R10F07SF06","id":"27103","type":"RAYON","picto":null,"level":3,"sellerId":null,"slug":"boissons-gazeuses-aux-fruits","selected":false,"children":null,"layers":"\/navigation\/27103\/layers","link":"\/r\/boissons\/colas-thes-glaces-et-soft-drinks\/boissons-gazeuses-aux-fruits"},{"name":"Pockets enfants","code":"R10F07SF07","id":"27104","type":"RAYON","picto":null,"level":3,"sellerId":null,"slug":"pockets-enfants","selected":false,"children":null,"layers":"\/navigation\/27104\/layers","link":"\/r\/boissons\/colas-thes-glaces-et-soft-drinks\/pockets-enfants"},{"name":"Boissons \u00e9nergisantes et Sport","code":"R10F07SF08","id":"27173","type":"RAYON","picto":null,"level":3,"sellerId":null,"slug":"boissons-energisantes-sport","selected":false,"children":null,"layers":"\/navigation\/27173\/layers","link":"\/r\/boissons\/colas-thes-glaces-et-soft-drinks\/boissons-energisantes-sport"},{"name":"Sirops et Concentr\u00e9s","code":"R10F07SF09","id":"27174","type":"RAYON","picto":null,"level":3,"sellerId":null,"slug":"sirops-concentres","selected":false,"children":[{"name":"Sirops","code":"R10F07SF09SS01","id":"27175","type":"RAYON","picto":null,"level":4,"sellerId":null,"slug":"sirops","selected":false,"children":null,"layers":"\/navigation\/27175\/layers","link":"\/r\/boissons\/colas-thes-glaces-et-soft-drinks\/sirops-concentres\/sirops"},{"name":"Concentr\u00e9s","code":"R10F07SF09SS02","id":"27176","type":"RAYON","picto":null,"level":4,"sellerId":null,"slug":"concentres","selected":false,"children":null,"layers":"\/navigation\/27176\/layers","link":"\/r\/boissons\/colas-thes-glaces-et-soft-drinks\/sirops-concentres\/concentres"}],"layers":"\/navigation\/27174\/layers","link":"\/r\/boissons\/colas-thes-glaces-et-soft-drinks\/sirops-concentres"}],"layers":"\/navigation\/27073\/layers","link":"\/r\/boissons\/colas-thes-glaces-et-soft-drinks"}],"layers":"\/navigation\/27070\/layers","link":"\/r\/boissons"},{"name":"Produits du terroir","code":"R11","id":"3887","type":"RAYON","picto":"https:\/\/media.carrefour.fr\/medias\/33346cf943d538b0a96c0a06fe519436\/p_96x96\/3887.jpg","level":1,"sellerId":null,"slug":"produits-du-terroir","selected":false,"children":[{"name":"Alsace Lorraine","code":"R11F01","id":"3917","type":"RAYON","picto":null,"level":2,"sellerId":null,"slug":"alsace-lorraine","selected":false,"children":[{"name":"Epicerie","code":"R11F01SF01","id":"3919","type":"RAYON","picto":null,"level":3,"sellerId":null,"slug":"epicerie","selected":false,"children":null,"layers":"\/navigation\/3919\/layers","link":"\/r\/produits-du-terroir\/alsace-lorraine\/epicerie"},{"name":"Produits frais","code":"R11F01SF02","id":"25640","type":"RAYON","picto":null,"level":3,"sellerId":null,"slug":"alsace-lorraine-produits-frais","selected":false,"children":null,"layers":"\/navigation\/25640\/layers","link":"\/r\/produits-du-terroir\/alsace-lorraine\/alsace-lorraine-produits-frais"},{"name":"Boisson","code":"R11F01SF03","id":"3918","type":"RAYON","picto":null,"level":3,"sellerId":null,"slug":"boisson","selected":false,"children":null,"layers":"\/navigation\/3918\/layers","link":"\/r\/produits-du-terroir\/alsace-lorraine\/boisson"}],"layers":"\/navigation\/3917\/layers","link":"\/r\/produits-du-terroir\/alsace-lorraine"},{"name":"Aquitaine Midi Pyr\u00e9n\u00e9es","code":"R11F02","id":"3896","type":"RAYON","picto":null,"level":2,"sellerId":null,"slug":"aquitaine-midi-pyrenees","selected":false,"children":[{"name":"Epicerie","code":"R11F02SF01","id":"25637","type":"RAYON","picto":null,"level":3,"sellerId":null,"slug":"aquitaine-epicerie","selected":false,"children":null,"layers":"\/navigation\/25637\/layers","link":"\/r\/produits-du-terroir\/aquitaine-midi-pyrenees\/aquitaine-epicerie"},{"name":"Produits frais","code":"R11F02SF02","id":"3897","type":"RAYON","picto":null,"level":3,"sellerId":null,"slug":"produits-frais","selected":false,"children":null,"layers":"\/navigation\/3897\/layers","link":"\/r\/produits-du-terroir\/aquitaine-midi-pyrenees\/produits-frais"},{"name":"Boisson","code":"R11F02SF03","id":"3898","type":"RAYON","picto":null,"level":3,"sellerId":null,"slug":"boisson","selected":false,"children":null,"layers":"\/navigation\/3898\/layers","link":"\/r\/produits-du-terroir\/aquitaine-midi-pyrenees\/boisson"}],"layers":"\/navigation\/3896\/layers","link":"\/r\/produits-du-terroir\/aquitaine-midi-pyrenees"},{"name":"Auvergne Limousin","code":"R11F03","id":"3906","type":"RAYON","picto":null,"level":2,"sellerId":null,"slug":"auvergne-limousin","selected":false,"children":[{"name":"Epicerie","code":"R11F03SF01","id":"3907","type":"RAYON","picto":null,"level":3,"sellerId":null,"slug":"epicerie","selected":false,"children":null,"layers":"\/navigation\/3907\/layers","link":"\/r\/produits-du-terroir\/auvergne-limousin\/epicerie"},{"name":"Produits frais","code":"R11F03SF02","id":"3908","type":"RAYON","picto":null,"level":3,"sellerId":null,"slug":"produits-frais","selected":false,"children":null,"layers":"\/navigation\/3908\/layers","link":"\/r\/produits-du-terroir\/auvergne-limousin\/produits-frais"},{"name":"Boisson","code":"R11F03SF03","id":"3909","type":"RAYON","picto":null,"level":3,"sellerId":null,"slug":"boisson","selected":false,"children":null,"layers":"\/navigation\/3909\/layers","link":"\/r\/produits-du-terroir\/auvergne-limousin\/boisson"}],"layers":"\/navigation\/3906\/layers","link":"\/r\/produits-du-terroir\/auvergne-limousin"},{"name":"Bourgogne Champagne","code":"R11F04","id":"3899","type":"RAYON","picto":null,"level":2,"sellerId":null,"slug":"bourgogne-champagne","selected":false,"children":[{"name":"Epicerie","code":"R11F04SF01","id":"3900","type":"RAYON","picto":null,"level":3,"sellerId":null,"slug":"epicerie","selected":false,"children":null,"layers":"\/navigation\/3900\/layers","link":"\/r\/produits-du-terroir\/bourgogne-champagne\/epicerie"},{"name":"Produits frais","code":"R11F04SF02","id":"3901","type":"RAYON","picto":null,"level":3,"sellerId":null,"slug":"produits-frais","selected":false,"children":null,"layers":"\/navigation\/3901\/layers","link":"\/r\/produits-du-terroir\/bourgogne-champagne\/produits-frais"},{"name":"Boisson","code":"R11F04SF03","id":"25638","type":"RAYON","picto":null,"level":3,"sellerId":null,"slug":"bourgogne-boisson","selected":false,"children":null,"layers":"\/navigation\/25638\/layers","link":"\/r\/produits-du-terroir\/bourgogne-champagne\/bourgogne-boisson"}],"layers":"\/navigation\/3899\/layers","link":"\/r\/produits-du-terroir\/bourgogne-champagne"},{"name":"Bretagne Pays de Loire & Poitou","code":"R11F05","id":"3888","type":"RAYON","picto":null,"level":2,"sellerId":null,"slug":"bretagne-pays-de-loire-poitou","selected":false,"children":[{"name":"Epicerie","code":"R11F05SF01","id":"3891","type":"RAYON","picto":null,"level":3,"sellerId":null,"slug":"epicerie","selected":false,"children":null,"layers":"\/navigation\/3891\/layers","link":"\/r\/produits-du-terroir\/bretagne-pays-de-loire-poitou\/epicerie"},{"name":"Produits frais","code":"R11F05SF02","id":"3889","type":"RAYON","picto":null,"level":3,"sellerId":null,"slug":"produits-frais","selected":false,"children":null,"layers":"\/navigation\/3889\/layers","link":"\/r\/produits-du-terroir\/bretagne-pays-de-loire-poitou\/produits-frais"},{"name":"Boisson","code":"R11F05SF03","id":"3890","type":"RAYON","picto":null,"level":3,"sellerId":null,"slug":"boisson","selected":false,"children":null,"layers":"\/navigation\/3890\/layers","link":"\/r\/produits-du-terroir\/bretagne-pays-de-loire-poitou\/boisson"}],"layers":"\/navigation\/3888\/layers","link":"\/r\/produits-du-terroir\/bretagne-pays-de-loire-poitou"},{"name":"Centre Ile de France","code":"R11F06","id":"3914","type":"RAYON","picto":null,"level":2,"sellerId":null,"slug":"centre-ile-de-france","selected":false,"children":[{"name":"Epicerie","code":"R11F06SF01","id":"3915","type":"RAYON","picto":null,"level":3,"sellerId":null,"slug":"epicerie","selected":false,"children":null,"layers":"\/navigation\/3915\/layers","link":"\/r\/produits-du-terroir\/centre-ile-de-france\/epicerie"},{"name":"Produits frais","code":"R11F06SF02","id":"3916","type":"RAYON","picto":null,"level":3,"sellerId":null,"slug":"produits-frais","selected":false,"children":null,"layers":"\/navigation\/3916\/layers","link":"\/r\/produits-du-terroir\/centre-ile-de-france\/produits-frais"},{"name":"Boisson","code":"R11F06SF03","id":"25639","type":"RAYON","picto":null,"level":3,"sellerId":null,"slug":"centre-idf-boisson","selected":false,"children":null,"layers":"\/navigation\/25639\/layers","link":"\/r\/produits-du-terroir\/centre-ile-de-france\/centre-idf-boisson"}],"layers":"\/navigation\/3914\/layers","link":"\/r\/produits-du-terroir\/centre-ile-de-france"},{"name":"Corse","code":"R11F07","id":"3892","type":"RAYON","picto":null,"level":2,"sellerId":null,"slug":"corse","selected":false,"children":[{"name":"Epicerie","code":"R11F07SF01","id":"3895","type":"RAYON","picto":null,"level":3,"sellerId":null,"slug":"epicerie","selected":false,"children":null,"layers":"\/navigation\/3895\/layers","link":"\/r\/produits-du-terroir\/corse\/epicerie"},{"name":"Produits frais","code":"R11F07SF02","id":"3893","type":"RAYON","picto":null,"level":3,"sellerId":null,"slug":"produits-frais","selected":false,"children":null,"layers":"\/navigation\/3893\/layers","link":"\/r\/produits-du-terroir\/corse\/produits-frais"},{"name":"Boisson","code":"R11F07SF03","id":"3894","type":"RAYON","picto":null,"level":3,"sellerId":null,"slug":"boisson","selected":false,"children":null,"layers":"\/navigation\/3894\/layers","link":"\/r\/produits-du-terroir\/corse\/boisson"}],"layers":"\/navigation\/3892\/layers","link":"\/r\/produits-du-terroir\/corse"},{"name":"Languedoc PACA","code":"R11F08","id":"3910","type":"RAYON","picto":null,"level":2,"sellerId":null,"slug":"languedoc-paca","selected":false,"children":[{"name":"Epicerie","code":"R11F08SF01","id":"3911","type":"RAYON","picto":null,"level":3,"sellerId":null,"slug":"epicerie","selected":false,"children":null,"layers":"\/navigation\/3911\/layers","link":"\/r\/produits-du-terroir\/languedoc-paca\/epicerie"},{"name":"Produits frais","code":"R11F08SF02","id":"3912","type":"RAYON","picto":null,"level":3,"sellerId":null,"slug":"produits-frais","selected":false,"children":null,"layers":"\/navigation\/3912\/layers","link":"\/r\/produits-du-terroir\/languedoc-paca\/produits-frais"},{"name":"Boisson","code":"R11F08SF03","id":"3913","type":"RAYON","picto":null,"level":3,"sellerId":null,"slug":"boisson","selected":false,"children":null,"layers":"\/navigation\/3913\/layers","link":"\/r\/produits-du-terroir\/languedoc-paca\/boisson"}],"layers":"\/navigation\/3910\/layers","link":"\/r\/produits-du-terroir\/languedoc-paca"},{"name":"Nord Pas de Calais Picardie","code":"R11F09","id":"3920","type":"RAYON","picto":null,"level":2,"sellerId":null,"slug":"nord-pas-de-calais-picardie","selected":false,"children":[{"name":"Epicerie","code":"R11F09SF01","id":"3922","type":"RAYON","picto":null,"level":3,"sellerId":null,"slug":"epicerie","selected":false,"children":null,"layers":"\/navigation\/3922\/layers","link":"\/r\/produits-du-terroir\/nord-pas-de-calais-picardie\/epicerie"},{"name":"Produits frais","code":"R11F09SF02","id":"3921","type":"RAYON","picto":null,"level":3,"sellerId":null,"slug":"produits-frais","selected":false,"children":null,"layers":"\/navigation\/3921\/layers","link":"\/r\/produits-du-terroir\/nord-pas-de-calais-picardie\/produits-frais"},{"name":"Boisson","code":"R11F09SF03","id":"3923","type":"RAYON","picto":null,"level":3,"sellerId":null,"slug":"boisson","selected":false,"children":null,"layers":"\/navigation\/3923\/layers","link":"\/r\/produits-du-terroir\/nord-pas-de-calais-picardie\/boisson"}],"layers":"\/navigation\/3920\/layers","link":"\/r\/produits-du-terroir\/nord-pas-de-calais-picardie"},{"name":"Normandie","code":"R11F10","id":"3924","type":"RAYON","picto":null,"level":2,"sellerId":null,"slug":"normandie","selected":false,"children":[{"name":"Epicerie","code":"R11F10SF01","id":"3925","type":"RAYON","picto":null,"level":3,"sellerId":null,"slug":"epicerie","selected":false,"children":null,"layers":"\/navigation\/3925\/layers","link":"\/r\/produits-du-terroir\/normandie\/epicerie"},{"name":"Produits frais","code":"R11F10SF02","id":"3926","type":"RAYON","picto":null,"level":3,"sellerId":null,"slug":"produits-frais","selected":false,"children":null,"layers":"\/navigation\/3926\/layers","link":"\/r\/produits-du-terroir\/normandie\/produits-frais"}],"layers":"\/navigation\/3924\/layers","link":"\/r\/produits-du-terroir\/normandie"},{"name":"Rh\u00f4ne Alpes Franche Comt\u00e9","code":"R11F11","id":"3902","type":"RAYON","picto":null,"level":2,"sellerId":null,"slug":"rhone-alpes-franche-comte","selected":false,"children":[{"name":"Epicerie","code":"R11F11SF01","id":"3904","type":"RAYON","picto":null,"level":3,"sellerId":null,"slug":"epicerie","selected":false,"children":null,"layers":"\/navigation\/3904\/layers","link":"\/r\/produits-du-terroir\/rhone-alpes-franche-comte\/epicerie"},{"name":"Produits frais","code":"R11F11SF02","id":"3905","type":"RAYON","picto":null,"level":3,"sellerId":null,"slug":"produits-frais","selected":false,"children":null,"layers":"\/navigation\/3905\/layers","link":"\/r\/produits-du-terroir\/rhone-alpes-franche-comte\/produits-frais"},{"name":"Boisson","code":"R11F11SF03","id":"3903","type":"RAYON","picto":null,"level":3,"sellerId":null,"slug":"boisson","selected":false,"children":null,"layers":"\/navigation\/3903\/layers","link":"\/r\/produits-du-terroir\/rhone-alpes-franche-comte\/boisson"}],"layers":"\/navigation\/3902\/layers","link":"\/r\/produits-du-terroir\/rhone-alpes-franche-comte"}],"layers":"\/navigation\/3887\/layers","link":"\/r\/produits-du-terroir"},{"name":"B\u00e9b\u00e9","code":"R12","id":"26953","type":"RAYON","picto":"https:\/\/media.carrefour.fr\/medias\/ca56671104913afaac2ac8c5e22c0e6a\/p_96x96\/26953.jpg","level":1,"sellerId":null,"slug":"bebe","selected":false,"children":[{"name":"B\u00e9b\u00e9 bio","code":"R12F01","id":"27053","type":"RAYON","picto":null,"level":2,"sellerId":null,"slug":"bebe-bio","selected":false,"children":[{"name":"C\u00e9r\u00e9ales et Laits","code":"R12F01SF01","id":"28260","type":"RAYON","picto":null,"level":3,"sellerId":null,"slug":"cereales-laits","selected":false,"children":null,"layers":"\/navigation\/28260\/layers","link":"\/r\/bebe\/bebe-bio\/cereales-laits"},{"name":"Repas b\u00e9b\u00e9","code":"R12F01SF02","id":"28261","type":"RAYON","picto":null,"level":3,"sellerId":null,"slug":"repas-bebe","selected":false,"children":null,"layers":"\/navigation\/28261\/layers","link":"\/r\/bebe\/bebe-bio\/repas-bebe"},{"name":"Go\u00fbters et desserts","code":"R12F01SF03","id":"28262","type":"RAYON","picto":null,"level":3,"sellerId":null,"slug":"gouters-desserts","selected":false,"children":null,"layers":"\/navigation\/28262\/layers","link":"\/r\/bebe\/bebe-bio\/gouters-desserts"},{"name":"Pu\u00e9riculture et Hygi\u00e8ne","code":"R12F01SF04","id":"28263","type":"RAYON","picto":null,"level":3,"sellerId":null,"slug":"puericulture-hygiene","selected":false,"children":null,"layers":"\/navigation\/28263\/layers","link":"\/r\/bebe\/bebe-bio\/puericulture-hygiene"}],"layers":"\/navigation\/27053\/layers","link":"\/r\/bebe\/bebe-bio"},{"name":"Laits et C\u00e9r\u00e9ales","code":"R12F02","id":"26954","type":"RAYON","picto":"https:\/\/media.carrefour.fr\/medias\/c17c91e7623f395c9db2ab7c09c26fd4\/p_96x96\/26954.jpg","level":2,"sellerId":null,"slug":"laits-cereales","selected":false,"children":[{"name":"Laits 1er \u00e2ge","code":"R12F02SF01","id":"26962","type":"RAYON","picto":null,"level":3,"sellerId":null,"slug":"laits-1-age","selected":false,"children":null,"layers":"\/navigation\/26962\/layers","link":"\/r\/bebe\/laits-cereales\/laits-1-age"},{"name":"Laits 2\u00e8me \u00e2ge","code":"R12F02SF02","id":"26963","type":"RAYON","picto":null,"level":3,"sellerId":null,"slug":"laits-2-age","selected":false,"children":null,"layers":"\/navigation\/26963\/layers","link":"\/r\/bebe\/laits-cereales\/laits-2-age"},{"name":"Laits de croissance","code":"R12F02SF03","id":"26964","type":"RAYON","picto":null,"level":3,"sellerId":null,"slug":"laits-croissance","selected":false,"children":[{"name":"Laits de croissance en poudre","code":"R12F02SF03SS01","id":"26965","type":"RAYON","picto":null,"level":4,"sellerId":null,"slug":"laits-croissance-poudre","selected":false,"children":null,"layers":"\/navigation\/26965\/layers","link":"\/r\/bebe\/laits-cereales\/laits-croissance\/laits-croissance-poudre"},{"name":"Laits de croissance liquide","code":"R12F02SF03SS02","id":"26966","type":"RAYON","picto":null,"level":4,"sellerId":null,"slug":"laits-croissance-liquide","selected":false,"children":null,"layers":"\/navigation\/26966\/layers","link":"\/r\/bebe\/laits-cereales\/laits-croissance\/laits-croissance-liquide"}],"layers":"\/navigation\/26964\/layers","link":"\/r\/bebe\/laits-cereales\/laits-croissance"},{"name":"C\u00e9r\u00e9ales","code":"R12F02SF04","id":"26967","type":"RAYON","picto":null,"level":3,"sellerId":null,"slug":"cereales","selected":false,"children":[{"name":"C\u00e9r\u00e9ales en poudre","code":"R12F02SF04SS01","id":"26968","type":"RAYON","picto":null,"level":4,"sellerId":null,"slug":"cereales-poudre","selected":false,"children":null,"layers":"\/navigation\/26968\/layers","link":"\/r\/bebe\/laits-cereales\/cereales\/cereales-poudre"},{"name":"C\u00e9r\u00e9ales pr\u00eats \u00e0 boire","code":"R12F02SF04SS02","id":"26969","type":"RAYON","picto":null,"level":4,"sellerId":null,"slug":"cereales-pret-a-boire","selected":false,"children":null,"layers":"\/navigation\/26969\/layers","link":"\/r\/bebe\/laits-cereales\/cereales\/cereales-pret-a-boire"}],"layers":"\/navigation\/26967\/layers","link":"\/r\/bebe\/laits-cereales\/cereales"}],"layers":"\/navigation\/26954\/layers","link":"\/r\/bebe\/laits-cereales"},{"name":"Repas","code":"R12F03","id":"26955","type":"RAYON","picto":"https:\/\/media.carrefour.fr\/medias\/a8887cf3dba1339ab7287bf921070a97\/p_96x96\/26955.jpg","level":2,"sellerId":null,"slug":"repas","selected":false,"children":[{"name":"Plats complets","code":"R12F03SF01","id":"26970","type":"RAYON","picto":null,"level":3,"sellerId":null,"slug":"plats-complets","selected":false,"children":null,"layers":"\/navigation\/26970\/layers","link":"\/r\/bebe\/repas\/plats-complets"},{"name":"Plats de l\u00e9gumes","code":"R12F03SF02","id":"26971","type":"RAYON","picto":null,"level":3,"sellerId":null,"slug":"plats-legumes","selected":false,"children":null,"layers":"\/navigation\/26971\/layers","link":"\/r\/bebe\/repas\/plats-legumes"},{"name":"Repas du soir","code":"R12F03SF03","id":"26972","type":"RAYON","picto":null,"level":3,"sellerId":null,"slug":"repas-soir","selected":false,"children":null,"layers":"\/navigation\/26972\/layers","link":"\/r\/bebe\/repas\/repas-soir"},{"name":"Surgel\u00e9s","code":"R12F03SF04","id":"26973","type":"RAYON","picto":null,"level":3,"sellerId":null,"slug":"surgeles","selected":false,"children":null,"layers":"\/navigation\/26973\/layers","link":"\/r\/bebe\/repas\/surgeles"}],"layers":"\/navigation\/26955\/layers","link":"\/r\/bebe\/repas"},{"name":"Go\u00fbters et Desserts","code":"R12F04","id":"26956","type":"RAYON","picto":"https:\/\/media.carrefour.fr\/medias\/4cb9049b51bc313197eef0e43aaaf5aa\/p_96x96\/26956.jpg","level":2,"sellerId":null,"slug":"gouters-desserts","selected":false,"children":[{"name":"Desserts aux fruits","code":"R12F04SF01","id":"26974","type":"RAYON","picto":null,"level":3,"sellerId":null,"slug":"desserts-fruits","selected":false,"children":null,"layers":"\/navigation\/26974\/layers","link":"\/r\/bebe\/gouters-desserts\/desserts-fruits"},{"name":"Desserts lact\u00e9s","code":"R12F04SF02","id":"26975","type":"RAYON","picto":null,"level":3,"sellerId":null,"slug":"desserts-lactes","selected":false,"children":null,"layers":"\/navigation\/26975\/layers","link":"\/r\/bebe\/gouters-desserts\/desserts-lactes"},{"name":"Biscuits et Jus","code":"R12F04SF03","id":"26976","type":"RAYON","picto":null,"level":3,"sellerId":null,"slug":"biscuits-jus","selected":false,"children":null,"layers":"\/navigation\/26976\/layers","link":"\/r\/bebe\/gouters-desserts\/biscuits-jus"}],"layers":"\/navigation\/26956\/layers","link":"\/r\/bebe\/gouters-desserts"},{"name":"Couches et Culottes","code":"R12F05","id":"26957","type":"RAYON","picto":"https:\/\/media.carrefour.fr\/medias\/deba64c22e6b3ff7a34f48904e95912f\/p_96x96\/26957.jpg","level":2,"sellerId":null,"slug":"couches-culottes","selected":false,"children":[{"name":"Couches Nouveau n\u00e9 et Taille 1 (2-5kg)","code":"R12F05SF01","id":"27059","type":"RAYON","picto":null,"level":3,"sellerId":null,"slug":"couches-nouveau-ne-taille-1","selected":false,"children":null,"layers":"\/navigation\/27059\/layers","link":"\/r\/bebe\/couches-culottes\/couches-nouveau-ne-taille-1"},{"name":"Couches Taille 2 (3-6kg)","code":"R12F05SF02","id":"27060","type":"RAYON","picto":null,"level":3,"sellerId":null,"slug":"couches-taille-2","selected":false,"children":null,"layers":"\/navigation\/27060\/layers","link":"\/r\/bebe\/couches-culottes\/couches-taille-2"},{"name":"Couches Taille 3 (4-9kg)","code":"R12F05SF03","id":"27061","type":"RAYON","picto":null,"level":3,"sellerId":null,"slug":"couches-taille-3","selected":false,"children":null,"layers":"\/navigation\/27061\/layers","link":"\/r\/bebe\/couches-culottes\/couches-taille-3"},{"name":"Couches Taille 4 (7-20kg)","code":"R12F05SF04","id":"27062","type":"RAYON","picto":null,"level":3,"sellerId":null,"slug":"couches-taille-4","selected":false,"children":null,"layers":"\/navigation\/27062\/layers","link":"\/r\/bebe\/couches-culottes\/couches-taille-4"},{"name":"Couches Taille 5 (11-25kg)","code":"R12F05SF05","id":"27063","type":"RAYON","picto":null,"level":3,"sellerId":null,"slug":"couches-taille-5","selected":false,"children":null,"layers":"\/navigation\/27063\/layers","link":"\/r\/bebe\/couches-culottes\/couches-taille-5"},{"name":"Couches Taille 6 et plus (d\u00e8s 16kg)","code":"R12F05SF06","id":"27064","type":"RAYON","picto":null,"level":3,"sellerId":null,"slug":"couches-taille-6-et-plus","selected":false,"children":null,"layers":"\/navigation\/27064\/layers","link":"\/r\/bebe\/couches-culottes\/couches-taille-6-et-plus"},{"name":"Couches-culottes et Baignade","code":"R12F05SF07","id":"27065","type":"RAYON","picto":null,"level":3,"sellerId":null,"slug":"culottes-et-baignade","selected":false,"children":null,"layers":"\/navigation\/27065\/layers","link":"\/r\/bebe\/couches-culottes\/culottes-et-baignade"},{"name":"Pots et Poubelles \u00e0 couches","code":"R12F05SF08","id":"27066","type":"RAYON","picto":null,"level":3,"sellerId":null,"slug":"pots-boubelles-couches","selected":false,"children":null,"layers":"\/navigation\/27066\/layers","link":"\/r\/bebe\/couches-culottes\/pots-boubelles-couches"}],"layers":"\/navigation\/26957\/layers","link":"\/r\/bebe\/couches-culottes"},{"name":"Toilette et Soins","code":"R12F06","id":"26958","type":"RAYON","picto":"https:\/\/media.carrefour.fr\/medias\/123b5af5febc3acea4cae10b9b63c3ee\/p_96x96\/26958.jpg","level":2,"sellerId":null,"slug":"toilette-soins","selected":false,"children":[{"name":"Gels lavants et Shampoings","code":"R12F06SF01","id":"26977","type":"RAYON","picto":null,"level":3,"sellerId":null,"slug":"gels-lavants-shampoings","selected":false,"children":null,"layers":"\/navigation\/26977\/layers","link":"\/r\/bebe\/toilette-soins\/gels-lavants-shampoings"},{"name":"Cr\u00e8mes et Liniments","code":"R12F06SF02","id":"26978","type":"RAYON","picto":null,"level":3,"sellerId":null,"slug":"cremes-liniments","selected":false,"children":null,"layers":"\/navigation\/26978\/layers","link":"\/r\/bebe\/toilette-soins\/cremes-liniments"},{"name":"Cotons et Lingettes","code":"R12F06SF03","id":"26979","type":"RAYON","picto":null,"level":3,"sellerId":null,"slug":"cotons-lingettes","selected":false,"children":null,"layers":"\/navigation\/26979\/layers","link":"\/r\/bebe\/toilette-soins\/cotons-lingettes"},{"name":"Soins et Accessoires","code":"R12F06SF04","id":"26980","type":"RAYON","picto":null,"level":3,"sellerId":null,"slug":"soins-accessoires","selected":false,"children":null,"layers":"\/navigation\/26980\/layers","link":"\/r\/bebe\/toilette-soins\/soins-accessoires"},{"name":"Bain","code":"R12F06SF05","id":"26981","type":"RAYON","picto":null,"level":3,"sellerId":null,"slug":"bain","selected":false,"children":[{"name":"Baignoires et Si\u00e8ges de bain","code":"R12F06SF05SS01","id":"26982","type":"RAYON","picto":null,"level":4,"sellerId":null,"slug":"baignoires-sieges-de-bain","selected":false,"children":null,"layers":"\/navigation\/26982\/layers","link":"\/r\/bebe\/toilette-soins\/bain\/baignoires-sieges-de-bain"},{"name":"Thermom\u00e8tres de bain","code":"R12F06SF05SS02","id":"26983","type":"RAYON","picto":null,"level":4,"sellerId":null,"slug":"thermometres-bain","selected":false,"children":null,"layers":"\/navigation\/26983\/layers","link":"\/r\/bebe\/toilette-soins\/bain\/thermometres-bain"},{"name":"Capes de bain","code":"R12F06SF05SS03","id":"26985","type":"RAYON","picto":null,"level":4,"sellerId":null,"slug":"capes-bain","selected":false,"children":null,"layers":"\/navigation\/26985\/layers","link":"\/r\/bebe\/toilette-soins\/bain\/capes-bain"}],"layers":"\/navigation\/26981\/layers","link":"\/r\/bebe\/toilette-soins\/bain"}],"layers":"\/navigation\/26958\/layers","link":"\/r\/bebe\/toilette-soins"},{"name":"Pu\u00e9riculture","code":"R12F07","id":"26959","type":"RAYON","picto":"https:\/\/media.carrefour.fr\/medias\/8dcdfb9f0d0b3f14b27f1783fa17d316\/p_96x96\/26959.jpg","level":2,"sellerId":null,"slug":"puericulture","selected":false,"children":[{"name":"Biberons et Accessoires repas","code":"R12F07SF01","id":"26986","type":"RAYON","picto":null,"level":3,"sellerId":null,"slug":"biberons-accessoires-repas","selected":false,"children":[{"name":"Chaises hautes et Rehausseurs","code":"R12F07SF01SS01","id":"26998","type":"RAYON","picto":null,"level":4,"sellerId":null,"slug":"chaises-hautes-rehausseurs","selected":false,"children":null,"layers":"\/navigation\/26998\/layers","link":"\/r\/bebe\/puericulture\/biberons-accessoires-repas\/chaises-hautes-rehausseurs"},{"name":"Biberons et Doseurs","code":"R12F07SF01SS02","id":"26999","type":"RAYON","picto":null,"level":4,"sellerId":null,"slug":"biberons-doseurs","selected":false,"children":null,"layers":"\/navigation\/26999\/layers","link":"\/r\/bebe\/puericulture\/biberons-accessoires-repas\/biberons-doseurs"},{"name":"T\u00e9tines et Sucettes","code":"R12F07SF01SS03","id":"27000","type":"RAYON","picto":null,"level":4,"sellerId":null,"slug":"tetines-sucettes","selected":false,"children":null,"layers":"\/navigation\/27000\/layers","link":"\/r\/bebe\/puericulture\/biberons-accessoires-repas\/tetines-sucettes"},{"name":"Chauffe-biberons et St\u00e9rilisateurs","code":"R12F07SF01SS04","id":"27001","type":"RAYON","picto":null,"level":4,"sellerId":null,"slug":"chauffe-biberons-sterilisateurs","selected":false,"children":null,"layers":"\/navigation\/27001\/layers","link":"\/r\/bebe\/puericulture\/biberons-accessoires-repas\/chauffe-biberons-sterilisateurs"},{"name":"Vaisselle","code":"R12F07SF01SS06","id":"27003","type":"RAYON","picto":null,"level":4,"sellerId":null,"slug":"vaisselle","selected":false,"children":null,"layers":"\/navigation\/27003\/layers","link":"\/r\/bebe\/puericulture\/biberons-accessoires-repas\/vaisselle"},{"name":"Bavoirs","code":"R12F07SF01SS07","id":"27004","type":"RAYON","picto":null,"level":4,"sellerId":null,"slug":"bavoirs","selected":false,"children":null,"layers":"\/navigation\/27004\/layers","link":"\/r\/bebe\/puericulture\/biberons-accessoires-repas\/bavoirs"}],"layers":"\/navigation\/26986\/layers","link":"\/r\/bebe\/puericulture\/biberons-accessoires-repas"},{"name":"Poussettes","code":"R12F07SF02","id":"26987","type":"RAYON","picto":null,"level":3,"sellerId":null,"slug":"poussettes","selected":false,"children":[{"name":"Poussettes combin\u00e9es","code":"R12F07SF02SS01","id":"27008","type":"RAYON","picto":null,"level":4,"sellerId":null,"slug":"poussettes-combinees","selected":false,"children":null,"layers":"\/navigation\/27008\/layers","link":"\/r\/bebe\/puericulture\/poussettes\/poussettes-combinees"},{"name":"Poussettes cannes et compactes","code":"R12F07SF02SS03","id":"27010","type":"RAYON","picto":null,"level":4,"sellerId":null,"slug":"poussettes-cannes-compactes","selected":false,"children":null,"layers":"\/navigation\/27010\/layers","link":"\/r\/bebe\/puericulture\/poussettes\/poussettes-cannes-compactes"},{"name":"Protections pluie\/soleil et Accessoires","code":"R12F07SF02SS04","id":"27011","type":"RAYON","picto":null,"level":4,"sellerId":null,"slug":"protections-pluie-soleil-accessoires","selected":false,"children":null,"layers":"\/navigation\/27011\/layers","link":"\/r\/bebe\/puericulture\/poussettes\/protections-pluie-soleil-accessoires"},{"name":"Porte-b\u00e9b\u00e9s","code":"R12F07SF02SS05","id":"27012","type":"RAYON","picto":null,"level":4,"sellerId":null,"slug":"porte-bebes","selected":false,"children":null,"layers":"\/navigation\/27012\/layers","link":"\/r\/bebe\/puericulture\/poussettes\/porte-bebes"},{"name":"Sacs et Tapis \u00e0 langer","code":"R12F07SF02SS06","id":"27013","type":"RAYON","picto":null,"level":4,"sellerId":null,"slug":"sacs-tapis-a-langer","selected":false,"children":null,"layers":"\/navigation\/27013\/layers","link":"\/r\/bebe\/puericulture\/poussettes\/sacs-tapis-a-langer"}],"layers":"\/navigation\/26987\/layers","link":"\/r\/bebe\/puericulture\/poussettes"},{"name":"Si\u00e8ges auto","code":"R12F07SF03","id":"26988","type":"RAYON","picto":null,"level":3,"sellerId":null,"slug":"sieges-auto","selected":false,"children":[{"name":"Groupe 0\/0 \/1 (0-18kg) et Cosy","code":"R12F07SF03SS01","id":"27014","type":"RAYON","picto":null,"level":4,"sellerId":null,"slug":"groupe-0-a-1-cosy","selected":false,"children":null,"layers":"\/navigation\/27014\/layers","link":"\/r\/bebe\/puericulture\/sieges-auto\/groupe-0-a-1-cosy"},{"name":"Groupe 1\/2\/3 (9- 36kg)","code":"R12F07SF03SS02","id":"27015","type":"RAYON","picto":null,"level":4,"sellerId":null,"slug":"groupe-1-2-3","selected":false,"children":null,"layers":"\/navigation\/27015\/layers","link":"\/r\/bebe\/puericulture\/sieges-auto\/groupe-1-2-3"},{"name":"Groupe 2\/3 (15-36kg)","code":"R12F07SF03SS03","id":"27016","type":"RAYON","picto":null,"level":4,"sellerId":null,"slug":"groupe-2-3","selected":false,"children":null,"layers":"\/navigation\/27016\/layers","link":"\/r\/bebe\/puericulture\/sieges-auto\/groupe-2-3"},{"name":"Rehausseurs","code":"R12F07SF03SS04","id":"27017","type":"RAYON","picto":null,"level":4,"sellerId":null,"slug":"rehausseurs","selected":false,"children":null,"layers":"\/navigation\/27017\/layers","link":"\/r\/bebe\/puericulture\/sieges-auto\/rehausseurs"},{"name":"Cale-t\u00eate","code":"R12F07SF03SS05","id":"27018","type":"RAYON","picto":null,"level":4,"sellerId":null,"slug":"cale-tete","selected":false,"children":null,"layers":"\/navigation\/27018\/layers","link":"\/r\/bebe\/puericulture\/sieges-auto\/cale-tete"},{"name":"Fixations si\u00e8ge-auto et Accessoires","code":"R12F07SF03SS06","id":"27019","type":"RAYON","picto":null,"level":4,"sellerId":null,"slug":"fixations-siege-auto-accessoires","selected":false,"children":null,"layers":"\/navigation\/27019\/layers","link":"\/r\/bebe\/puericulture\/sieges-auto\/fixations-siege-auto-accessoires"}],"layers":"\/navigation\/26988\/layers","link":"\/r\/bebe\/puericulture\/sieges-auto"},{"name":"Eveil et Jouets","code":"R12F07SF04","id":"26989","type":"RAYON","picto":null,"level":3,"sellerId":null,"slug":"eveil-jouets","selected":false,"children":[{"name":"Transats","code":"R12F07SF04SS01","id":"27005","type":"RAYON","picto":null,"level":4,"sellerId":null,"slug":"transats","selected":false,"children":null,"layers":"\/navigation\/27005\/layers","link":"\/r\/bebe\/puericulture\/eveil-jouets\/transats"},{"name":"Trotteurs","code":"R12F07SF04SS03","id":"27007","type":"RAYON","picto":null,"level":4,"sellerId":null,"slug":"trotteurs","selected":false,"children":null,"layers":"\/navigation\/27007\/layers","link":"\/r\/bebe\/puericulture\/eveil-jouets\/trotteurs"},{"name":"Porteurs","code":"R12F07SF04SS04","id":"27025","type":"RAYON","picto":null,"level":4,"sellerId":null,"slug":"porteurs","selected":false,"children":null,"layers":"\/navigation\/27025\/layers","link":"\/r\/bebe\/puericulture\/eveil-jouets\/porteurs"},{"name":"Parcs et Tapis","code":"R12F07SF04SS05","id":"27026","type":"RAYON","picto":null,"level":4,"sellerId":null,"slug":"parcs-tapis","selected":false,"children":null,"layers":"\/navigation\/27026\/layers","link":"\/r\/bebe\/puericulture\/eveil-jouets\/parcs-tapis"},{"name":"Veilleuses et Berceuses","code":"R12F07SF04SS06","id":"27027","type":"RAYON","picto":null,"level":4,"sellerId":null,"slug":"veilleuses-berceuses","selected":false,"children":null,"layers":"\/navigation\/27027\/layers","link":"\/r\/bebe\/puericulture\/eveil-jouets\/veilleuses-berceuses"}],"layers":"\/navigation\/26989\/layers","link":"\/r\/bebe\/puericulture\/eveil-jouets"},{"name":"Chambre et S\u00e9curit\u00e9 ","code":"R12F07SF05","id":"26990","type":"RAYON","picto":null,"level":3,"sellerId":null,"slug":"chambre-securite","selected":false,"children":[{"name":"Lits b\u00e9b\u00e9","code":"R12F07SF05SS01","id":"27028","type":"RAYON","picto":null,"level":4,"sellerId":null,"slug":"lits-bebe","selected":false,"children":null,"layers":"\/navigation\/27028\/layers","link":"\/r\/bebe\/puericulture\/chambre-securite\/lits-bebe"},{"name":"Matelas b\u00e9b\u00e9","code":"R12F07SF05SS02","id":"27029","type":"RAYON","picto":null,"level":4,"sellerId":null,"slug":"matelas-bebe","selected":false,"children":null,"layers":"\/navigation\/27029\/layers","link":"\/r\/bebe\/puericulture\/chambre-securite\/matelas-bebe"},{"name":"Linge de lit","code":"R12F07SF05SS03","id":"27030","type":"RAYON","picto":null,"level":4,"sellerId":null,"slug":"linge-lit","selected":false,"children":null,"layers":"\/navigation\/27030\/layers","link":"\/r\/bebe\/puericulture\/chambre-securite\/linge-lit"},{"name":"Commodes et Armoires","code":"R12F07SF05SS04","id":"27031","type":"RAYON","picto":null,"level":4,"sellerId":null,"slug":"commodes-armoires","selected":false,"children":null,"layers":"\/navigation\/27031\/layers","link":"\/r\/bebe\/puericulture\/chambre-securite\/commodes-armoires"},{"name":"Tables et Matelas \u00e0 langer","code":"R12F07SF05SS05","id":"27068","type":"RAYON","picto":null,"level":4,"sellerId":null,"slug":"tables-matelas-langer","selected":false,"children":null,"layers":"\/navigation\/27068\/layers","link":"\/r\/bebe\/puericulture\/chambre-securite\/tables-matelas-langer"},{"name":"D\u00e9coration","code":"R12F07SF05SS06","id":"27032","type":"RAYON","picto":null,"level":4,"sellerId":null,"slug":"decoration","selected":false,"children":null,"layers":"\/navigation\/27032\/layers","link":"\/r\/bebe\/puericulture\/chambre-securite\/decoration"},{"name":"Babyphone et Ecoute b\u00e9b\u00e9","code":"R12F07SF05SS07","id":"27033","type":"RAYON","picto":null,"level":4,"sellerId":null,"slug":"babyphone-ecoute-bebe","selected":false,"children":null,"layers":"\/navigation\/27033\/layers","link":"\/r\/bebe\/puericulture\/chambre-securite\/babyphone-ecoute-bebe"},{"name":"Barri\u00e8res et Accessoires de s\u00e9curit\u00e9","code":"R12F07SF05SS08","id":"27067","type":"RAYON","picto":null,"level":4,"sellerId":null,"slug":"barrieres-accessoires-securite","selected":false,"children":null,"layers":"\/navigation\/27067\/layers","link":"\/r\/bebe\/puericulture\/chambre-securite\/barrieres-accessoires-securite"}],"layers":"\/navigation\/26990\/layers","link":"\/r\/bebe\/puericulture\/chambre-securite"}],"layers":"\/navigation\/26959\/layers","link":"\/r\/bebe\/puericulture"},{"name":"V\u00eatements","code":"R12F08","id":"26960","type":"RAYON","picto":"https:\/\/media.carrefour.fr\/medias\/c588f5ffb10134558180f7dc16cf2a4e\/p_96x96\/26960.jpg","level":2,"sellerId":null,"slug":"vetements","selected":false,"children":[{"name":"Naissance (0-12mois)","code":"R12F08SF01","id":"26991","type":"RAYON","picto":null,"level":3,"sellerId":null,"slug":"naissance-0-12-mois","selected":false,"children":[{"name":"Pyjamas et Grenouill\u00e8res","code":"R12F08SF01SS01","id":"27035","type":"RAYON","picto":null,"level":4,"sellerId":null,"slug":"pyjamas-grenouilleres","selected":false,"children":null,"layers":"\/navigation\/27035\/layers","link":"\/r\/bebe\/vetements\/naissance-0-12-mois\/pyjamas-grenouilleres"},{"name":"Bodies","code":"R12F08SF01SS03","id":"27037","type":"RAYON","picto":null,"level":4,"sellerId":null,"slug":"bodies","selected":false,"children":null,"layers":"\/navigation\/27037\/layers","link":"\/r\/bebe\/vetements\/naissance-0-12-mois\/bodies"}],"layers":"\/navigation\/26991\/layers","link":"\/r\/bebe\/vetements\/naissance-0-12-mois"},{"name":"B\u00e9b\u00e9 Fille (3-36mois)","code":"R12F08SF02","id":"26992","type":"RAYON","picto":null,"level":3,"sellerId":null,"slug":"bebe-fille-3-36-mois","selected":false,"children":[{"name":"Bodies","code":"R12F08SF02SS01","id":"27039","type":"RAYON","picto":null,"level":4,"sellerId":null,"slug":"bodies","selected":false,"children":null,"layers":"\/navigation\/27039\/layers","link":"\/r\/bebe\/vetements\/bebe-fille-3-36-mois\/bodies"},{"name":"Pyjamas","code":"R12F08SF02SS02","id":"27040","type":"RAYON","picto":null,"level":4,"sellerId":null,"slug":"pyjamas","selected":false,"children":null,"layers":"\/navigation\/27040\/layers","link":"\/r\/bebe\/vetements\/bebe-fille-3-36-mois\/pyjamas"},{"name":"Hauts","code":"R12F08SF02SS03","id":"27041","type":"RAYON","picto":null,"level":4,"sellerId":null,"slug":"hauts","selected":false,"children":null,"layers":"\/navigation\/27041\/layers","link":"\/r\/bebe\/vetements\/bebe-fille-3-36-mois\/hauts"},{"name":"Manteaux","code":"R12F08SF02SS06","id":"27044","type":"RAYON","picto":null,"level":4,"sellerId":null,"slug":"manteaux","selected":false,"children":null,"layers":"\/navigation\/27044\/layers","link":"\/r\/bebe\/vetements\/bebe-fille-3-36-mois\/manteaux"},{"name":"Chaussettes et Bonnets","code":"R12F08SF02SS07","id":"27045","type":"RAYON","picto":null,"level":4,"sellerId":null,"slug":"chaussettes-bonnets","selected":false,"children":null,"layers":"\/navigation\/27045\/layers","link":"\/r\/bebe\/vetements\/bebe-fille-3-36-mois\/chaussettes-bonnets"}],"layers":"\/navigation\/26992\/layers","link":"\/r\/bebe\/vetements\/bebe-fille-3-36-mois"},{"name":"B\u00e9b\u00e9 Gar\u00e7on (3-36mois)","code":"R12F08SF03","id":"26993","type":"RAYON","picto":null,"level":3,"sellerId":null,"slug":"bebe-garcon-3-36-mois","selected":false,"children":[{"name":"Bodies","code":"R12F08SF03SS01","id":"27046","type":"RAYON","picto":null,"level":4,"sellerId":null,"slug":"bodies","selected":false,"children":null,"layers":"\/navigation\/27046\/layers","link":"\/r\/bebe\/vetements\/bebe-garcon-3-36-mois\/bodies"},{"name":"Pyjamas","code":"R12F08SF03SS02","id":"27047","type":"RAYON","picto":null,"level":4,"sellerId":null,"slug":"pyjamas","selected":false,"children":null,"layers":"\/navigation\/27047\/layers","link":"\/r\/bebe\/vetements\/bebe-garcon-3-36-mois\/pyjamas"},{"name":"Pantalons","code":"R12F08SF03SS04","id":"27049","type":"RAYON","picto":null,"level":4,"sellerId":null,"slug":"pantalons","selected":false,"children":null,"layers":"\/navigation\/27049\/layers","link":"\/r\/bebe\/vetements\/bebe-garcon-3-36-mois\/pantalons"},{"name":"Manteaux","code":"R12F08SF03SS05","id":"27050","type":"RAYON","picto":null,"level":4,"sellerId":null,"slug":"manteaux","selected":false,"children":null,"layers":"\/navigation\/27050\/layers","link":"\/r\/bebe\/vetements\/bebe-garcon-3-36-mois\/manteaux"},{"name":"Chaussettes et Bonnets","code":"R12F08SF03SS06","id":"27051","type":"RAYON","picto":null,"level":4,"sellerId":null,"slug":"chaussettes-bonnets","selected":false,"children":null,"layers":"\/navigation\/27051\/layers","link":"\/r\/bebe\/vetements\/bebe-garcon-3-36-mois\/chaussettes-bonnets"}],"layers":"\/navigation\/26993\/layers","link":"\/r\/bebe\/vetements\/bebe-garcon-3-36-mois"},{"name":"Chaussures, Chaussons et Accessoires","code":"R12F08SF04","id":"26994","type":"RAYON","picto":null,"level":3,"sellerId":null,"slug":"chaussures-chaussons-accessoires","selected":false,"children":null,"layers":"\/navigation\/26994\/layers","link":"\/r\/bebe\/vetements\/chaussures-chaussons-accessoires"}],"layers":"\/navigation\/26960\/layers","link":"\/r\/bebe\/vetements"},{"name":"Maternit\u00e9 et Allaitement","code":"R12F09","id":"26961","type":"RAYON","picto":"https:\/\/media.carrefour.fr\/medias\/e360d273e0303adbbefe5ebdf4435038\/p_96x96\/26961.jpg","level":2,"sellerId":null,"slug":"maternite-allaitement","selected":false,"children":[{"name":"Tire-laits et Accessoires","code":"R12F09SF01","id":"26995","type":"RAYON","picto":null,"level":3,"sellerId":null,"slug":"tire-laits-accessoires","selected":false,"children":null,"layers":"\/navigation\/26995\/layers","link":"\/r\/bebe\/maternite-allaitement\/tire-laits-accessoires"},{"name":"Coussins d'allaitement","code":"R12F09SF02","id":"26996","type":"RAYON","picto":null,"level":3,"sellerId":null,"slug":"coussins-allaitement","selected":false,"children":null,"layers":"\/navigation\/26996\/layers","link":"\/r\/bebe\/maternite-allaitement\/coussins-allaitement"},{"name":"Lingerie","code":"R12F09SF03","id":"26997","type":"RAYON","picto":null,"level":3,"sellerId":null,"slug":"lingerie","selected":false,"children":null,"layers":"\/navigation\/26997\/layers","link":"\/r\/bebe\/maternite-allaitement\/lingerie"}],"layers":"\/navigation\/26961\/layers","link":"\/r\/bebe\/maternite-allaitement"}],"layers":"\/navigation\/26953\/layers","link":"\/r\/bebe"},{"name":"Hygi\u00e8ne et Beaut\u00e9","code":"R13","id":"2415","type":"RAYON","picto":"https:\/\/media.carrefour.fr\/medias\/a0812ad978dd398e92bad45650bcc925\/p_96x96\/2415.jpg","level":1,"sellerId":null,"slug":"hygiene-et-beaute","selected":false,"children":[{"name":"Papier toilette, Mouchoirs et Cotons","code":"R13F02","id":"2416","type":"RAYON","picto":"https:\/\/media.carrefour.fr\/medias\/f5e6ed377fb53f1db517a1b265d253ae\/p_96x96\/2416.jpg","level":2,"sellerId":null,"slug":"papier-toilette-mouchoirs-et-cotons","selected":false,"children":[{"name":"Papier toilette","code":"R13F02SF01","id":"2417","type":"RAYON","picto":null,"level":3,"sellerId":null,"slug":"papier-toilette","selected":false,"children":null,"layers":"\/navigation\/2417\/layers","link":"\/r\/hygiene-et-beaute\/papier-toilette-mouchoirs-et-cotons\/papier-toilette"},{"name":"Mouchoirs en papier","code":"R13F02SF02","id":"2418","type":"RAYON","picto":null,"level":3,"sellerId":null,"slug":"mouchoirs-en-papier","selected":false,"children":null,"layers":"\/navigation\/2418\/layers","link":"\/r\/hygiene-et-beaute\/papier-toilette-mouchoirs-et-cotons\/mouchoirs-en-papier"},{"name":"Cotons et Cotons tiges","code":"R13F02SF03","id":"2419","type":"RAYON","picto":null,"level":3,"sellerId":null,"slug":"cotons-et-cotons-tiges","selected":false,"children":null,"layers":"\/navigation\/2419\/layers","link":"\/r\/hygiene-et-beaute\/papier-toilette-mouchoirs-et-cotons\/cotons-et-cotons-tiges"}],"layers":"\/navigation\/2416\/layers","link":"\/r\/hygiene-et-beaute\/papier-toilette-mouchoirs-et-cotons"},{"name":"Le corps","code":"R13F03","id":"2420","type":"RAYON","picto":"https:\/\/media.carrefour.fr\/medias\/b3e88950855b36f1a8c5f6b00f9c89ff\/p_96x96\/2420.jpg","level":2,"sellerId":null,"slug":"le-corps","selected":false,"children":[{"name":"Eaux de toilette et Eaux de Cologne","code":"R13F03SF01","id":"2428","type":"RAYON","picto":null,"level":3,"sellerId":null,"slug":"eaux-de-toilette-eaux-de-cologne","selected":false,"children":null,"layers":"\/navigation\/2428\/layers","link":"\/r\/hygiene-et-beaute\/le-corps\/eaux-de-toilette-eaux-de-cologne"},{"name":"Coffrets","code":"R13F03SF02","id":"26014","type":"RAYON","picto":null,"level":3,"sellerId":null,"slug":"coffrets","selected":false,"children":null,"layers":"\/navigation\/26014\/layers","link":"\/r\/hygiene-et-beaute\/le-corps\/coffrets"},{"name":"Savons","code":"R13F03SF03","id":"2423","type":"RAYON","picto":null,"level":3,"sellerId":null,"slug":"savons","selected":false,"children":null,"layers":"\/navigation\/2423\/layers","link":"\/r\/hygiene-et-beaute\/le-corps\/savons"},{"name":"Gels et Cr\u00e8mes de douche","code":"R13F03SF04","id":"2421","type":"RAYON","picto":null,"level":3,"sellerId":null,"slug":"gels-et-cremes-de-douche","selected":false,"children":null,"layers":"\/navigation\/2421\/layers","link":"\/r\/hygiene-et-beaute\/le-corps\/gels-et-cremes-de-douche"},{"name":"Eponges de bain","code":"R13F03SF05","id":"26015","type":"RAYON","picto":null,"level":3,"sellerId":null,"slug":"eponges-de-bain","selected":false,"children":null,"layers":"\/navigation\/26015\/layers","link":"\/r\/hygiene-et-beaute\/le-corps\/eponges-de-bain"},{"name":"Laits hydratants et Soins du corps","code":"R13F03SF06","id":"2422","type":"RAYON","picto":null,"level":3,"sellerId":null,"slug":"lait-hydratants-et-soins-du-corps","selected":false,"children":null,"layers":"\/navigation\/2422\/layers","link":"\/r\/hygiene-et-beaute\/le-corps\/lait-hydratants-et-soins-du-corps"},{"name":"D\u00e9odorants femmes","code":"R13F03SF07","id":"2424","type":"RAYON","picto":null,"level":3,"sellerId":null,"slug":"deodorants-femmes","selected":false,"children":null,"layers":"\/navigation\/2424\/layers","link":"\/r\/hygiene-et-beaute\/le-corps\/deodorants-femmes"},{"name":"D\u00e9odorants hommes","code":"R13F03SF08","id":"2425","type":"RAYON","picto":null,"level":3,"sellerId":null,"slug":"deodorants-hommes","selected":false,"children":null,"layers":"\/navigation\/2425\/layers","link":"\/r\/hygiene-et-beaute\/le-corps\/deodorants-hommes"},{"name":"Epilation et Rasage","code":"R13F03SF09","id":"2426","type":"RAYON","picto":null,"level":3,"sellerId":null,"slug":"epilation-et-rasage","selected":false,"children":null,"layers":"\/navigation\/2426\/layers","link":"\/r\/hygiene-et-beaute\/le-corps\/epilation-et-rasage"},{"name":"Soins mains et pieds","code":"R13F03SF10","id":"2427","type":"RAYON","picto":null,"level":3,"sellerId":null,"slug":"soins-mains-et-pieds","selected":false,"children":null,"layers":"\/navigation\/2427\/layers","link":"\/r\/hygiene-et-beaute\/le-corps\/soins-mains-et-pieds"},{"name":"Produits solaires","code":"R13F03SF11","id":"2429","type":"RAYON","picto":null,"level":3,"sellerId":null,"slug":"produits-solaires","selected":false,"children":null,"layers":"\/navigation\/2429\/layers","link":"\/r\/hygiene-et-beaute\/le-corps\/produits-solaires"}],"layers":"\/navigation\/2420\/layers","link":"\/r\/hygiene-et-beaute\/le-corps"},{"name":"Les cheveux","code":"R13F04","id":"2430","type":"RAYON","picto":"https:\/\/media.carrefour.fr\/medias\/130011d02cf432d8b6746e7933d038d0\/p_96x96\/2430.jpg","level":2,"sellerId":null,"slug":"les-cheveux","selected":false,"children":[{"name":"Les shampoings","code":"R13F04SF01","id":"2431","type":"RAYON","picto":null,"level":3,"sellerId":null,"slug":"les-shampoings","selected":false,"children":[{"name":"Cheveux normaux","code":"R13F04SF01SS01","id":"2437","type":"RAYON","picto":null,"level":4,"sellerId":null,"slug":"cheveux-normaux","selected":false,"children":null,"layers":"\/navigation\/2437\/layers","link":"\/r\/hygiene-et-beaute\/les-cheveux\/les-shampoings\/cheveux-normaux"},{"name":"Cheveux color\u00e9s","code":"R13F04SF01SS02","id":"2436","type":"RAYON","picto":null,"level":4,"sellerId":null,"slug":"cheveux-colores","selected":false,"children":null,"layers":"\/navigation\/2436\/layers","link":"\/r\/hygiene-et-beaute\/les-cheveux\/les-shampoings\/cheveux-colores"},{"name":"Cheveux fins et boucl\u00e9s","code":"R13F04SF01SS03","id":"2434","type":"RAYON","picto":null,"level":4,"sellerId":null,"slug":"cheveux-fins-et-boucles","selected":false,"children":null,"layers":"\/navigation\/2434\/layers","link":"\/r\/hygiene-et-beaute\/les-cheveux\/les-shampoings\/cheveux-fins-et-boucles"},{"name":"Cheveux secs et ab\u00eem\u00e9s","code":"R13F04SF01SS04","id":"2433","type":"RAYON","picto":null,"level":4,"sellerId":null,"slug":"cheveux-secs-et-abimes","selected":false,"children":null,"layers":"\/navigation\/2433\/layers","link":"\/r\/hygiene-et-beaute\/les-cheveux\/les-shampoings\/cheveux-secs-et-abimes"},{"name":"Anti-pelliculaires","code":"R13F04SF01SS05","id":"2432","type":"RAYON","picto":null,"level":4,"sellerId":null,"slug":"anti-pelliculaires","selected":false,"children":null,"layers":"\/navigation\/2432\/layers","link":"\/r\/hygiene-et-beaute\/les-cheveux\/les-shampoings\/anti-pelliculaires"},{"name":"Cheveux gras","code":"R13F04SF01SS06","id":"2435","type":"RAYON","picto":null,"level":4,"sellerId":null,"slug":"cheveux-gras","selected":false,"children":null,"layers":"\/navigation\/2435\/layers","link":"\/r\/hygiene-et-beaute\/les-cheveux\/les-shampoings\/cheveux-gras"}],"layers":"\/navigation\/2431\/layers","link":"\/r\/hygiene-et-beaute\/les-cheveux\/les-shampoings"},{"name":"Les apr\u00e8s-shampoings","code":"R13F04SF02","id":"2438","type":"RAYON","picto":null,"level":3,"sellerId":null,"slug":"les-apres-shampoings","selected":false,"children":[{"name":"Normaux \u00e0 gras","code":"R13F04SF02SS01","id":"2441","type":"RAYON","picto":null,"level":4,"sellerId":null,"slug":"normaux-a-gras","selected":false,"children":null,"layers":"\/navigation\/2441\/layers","link":"\/r\/hygiene-et-beaute\/les-cheveux\/les-apres-shampoings\/normaux-a-gras"},{"name":"Color\u00e9s","code":"R13F04SF02SS02","id":"2440","type":"RAYON","picto":null,"level":4,"sellerId":null,"slug":"colores","selected":false,"children":null,"layers":"\/navigation\/2440\/layers","link":"\/r\/hygiene-et-beaute\/les-cheveux\/les-apres-shampoings\/colores"},{"name":"Fins ou boucl\u00e9s","code":"R13F04SF02SS03","id":"2439","type":"RAYON","picto":null,"level":4,"sellerId":null,"slug":"fins-ou-boucles","selected":false,"children":null,"layers":"\/navigation\/2439\/layers","link":"\/r\/hygiene-et-beaute\/les-cheveux\/les-apres-shampoings\/fins-ou-boucles"},{"name":"Ab\u00eem\u00e9s et secs","code":"R13F04SF02SS04","id":"2442","type":"RAYON","picto":null,"level":4,"sellerId":null,"slug":"abimes-et-secs","selected":false,"children":null,"layers":"\/navigation\/2442\/layers","link":"\/r\/hygiene-et-beaute\/les-cheveux\/les-apres-shampoings\/abimes-et-secs"}],"layers":"\/navigation\/2438\/layers","link":"\/r\/hygiene-et-beaute\/les-cheveux\/les-apres-shampoings"},{"name":"Les masques et Les huiles","code":"R13F04SF03","id":"2443","type":"RAYON","picto":null,"level":3,"sellerId":null,"slug":"les-masques-et-huiles","selected":false,"children":null,"layers":"\/navigation\/2443\/layers","link":"\/r\/hygiene-et-beaute\/les-cheveux\/les-masques-et-huiles"},{"name":"Gels, Laques et Mousses","code":"R13F04SF04","id":"2444","type":"RAYON","picto":null,"level":3,"sellerId":null,"slug":"gels-laques-et-mousses","selected":false,"children":null,"layers":"\/navigation\/2444\/layers","link":"\/r\/hygiene-et-beaute\/les-cheveux\/gels-laques-et-mousses"},{"name":"Coloration des cheveux","code":"R13F04SF05","id":"2445","type":"RAYON","picto":null,"level":3,"sellerId":null,"slug":"coloration-des-cheveux","selected":false,"children":null,"layers":"\/navigation\/2445\/layers","link":"\/r\/hygiene-et-beaute\/les-cheveux\/coloration-des-cheveux"},{"name":"Accessoires cheveux","code":"R13F04SF06","id":"2446","type":"RAYON","picto":null,"level":3,"sellerId":null,"slug":"accessoires-cheveux","selected":false,"children":null,"layers":"\/navigation\/2446\/layers","link":"\/r\/hygiene-et-beaute\/les-cheveux\/accessoires-cheveux"}],"layers":"\/navigation\/2430\/layers","link":"\/r\/hygiene-et-beaute\/les-cheveux"},{"name":"Hygi\u00e8ne dentaire","code":"R13F05","id":"2447","type":"RAYON","picto":"https:\/\/media.carrefour.fr\/medias\/9dd9014a67243aa2b33f43ad12fd8814\/p_96x96\/2447.jpg","level":2,"sellerId":null,"slug":"hygiene-dentaire","selected":false,"children":[{"name":"Dentifrices","code":"R13F05SF01","id":"2448","type":"RAYON","picto":null,"level":3,"sellerId":null,"slug":"dentifrices","selected":false,"children":null,"layers":"\/navigation\/2448\/layers","link":"\/r\/hygiene-et-beaute\/hygiene-dentaire\/dentifrices"},{"name":"Brosses \u00e0 dents","code":"R13F05SF02","id":"2449","type":"RAYON","picto":null,"level":3,"sellerId":null,"slug":"brosses-a-dents","selected":false,"children":null,"layers":"\/navigation\/2449\/layers","link":"\/r\/hygiene-et-beaute\/hygiene-dentaire\/brosses-a-dents"},{"name":"Bains de bouche et Soins","code":"R13F05SF03","id":"2450","type":"RAYON","picto":null,"level":3,"sellerId":null,"slug":"bains-de-bouche-et-soins","selected":false,"children":null,"layers":"\/navigation\/2450\/layers","link":"\/r\/hygiene-et-beaute\/hygiene-dentaire\/bains-de-bouche-et-soins"},{"name":"Pour les enfants","code":"R13F05SF04","id":"2451","type":"RAYON","picto":null,"level":3,"sellerId":null,"slug":"pour-les-enfants","selected":false,"children":null,"layers":"\/navigation\/2451\/layers","link":"\/r\/hygiene-et-beaute\/hygiene-dentaire\/pour-les-enfants"}],"layers":"\/navigation\/2447\/layers","link":"\/r\/hygiene-et-beaute\/hygiene-dentaire"},{"name":"Le visage","code":"R13F06","id":"2452","type":"RAYON","picto":"https:\/\/media.carrefour.fr\/medias\/b9928f746fee319ca89e775422b22d11\/p_96x96\/2452.jpg","level":2,"sellerId":null,"slug":"le-visage","selected":false,"children":[{"name":"D\u00e9maquillants et Nettoyants","code":"R13F06SF01","id":"2453","type":"RAYON","picto":null,"level":3,"sellerId":null,"slug":"demaquillants-et-nettoyants","selected":false,"children":[{"name":"D\u00e9maquillants","code":"R13F06SF01SS01","id":"2456","type":"RAYON","picto":null,"level":4,"sellerId":null,"slug":"demaquillants","selected":false,"children":null,"layers":"\/navigation\/2456\/layers","link":"\/r\/hygiene-et-beaute\/le-visage\/demaquillants-et-nettoyants\/demaquillants"},{"name":"Nettoyants","code":"R13F06SF01SS02","id":"2454","type":"RAYON","picto":null,"level":4,"sellerId":null,"slug":"nettoyants","selected":false,"children":null,"layers":"\/navigation\/2454\/layers","link":"\/r\/hygiene-et-beaute\/le-visage\/demaquillants-et-nettoyants\/nettoyants"},{"name":"Toniques et Atomiseurs d'eau","code":"R13F06SF01SS03","id":"2455","type":"RAYON","picto":null,"level":4,"sellerId":null,"slug":"toniques-et-atomiseurs-deau","selected":false,"children":null,"layers":"\/navigation\/2455\/layers","link":"\/r\/hygiene-et-beaute\/le-visage\/demaquillants-et-nettoyants\/toniques-et-atomiseurs-deau"}],"layers":"\/navigation\/2453\/layers","link":"\/r\/hygiene-et-beaute\/le-visage\/demaquillants-et-nettoyants"},{"name":"Masques et Gommages","code":"R13F06SF02","id":"2457","type":"RAYON","picto":null,"level":3,"sellerId":null,"slug":"masques-et-gommages","selected":false,"children":null,"layers":"\/navigation\/2457\/layers","link":"\/r\/hygiene-et-beaute\/le-visage\/masques-et-gommages"},{"name":"Soin du visage","code":"R13F06SF03","id":"2458","type":"RAYON","picto":null,"level":3,"sellerId":null,"slug":"soin-du-visage","selected":false,"children":[{"name":"Cr\u00e8mes hydratantes","code":"R13F06SF03SS01","id":"2459","type":"RAYON","picto":null,"level":4,"sellerId":null,"slug":"cremes-hydratantes","selected":false,"children":null,"layers":"\/navigation\/2459\/layers","link":"\/r\/hygiene-et-beaute\/le-visage\/soin-du-visage\/cremes-hydratantes"},{"name":"Cr\u00e8mes anti-\u00e2ge","code":"R13F06SF03SS02","id":"2461","type":"RAYON","picto":null,"level":4,"sellerId":null,"slug":"cremes-anti-age","selected":false,"children":null,"layers":"\/navigation\/2461\/layers","link":"\/r\/hygiene-et-beaute\/le-visage\/soin-du-visage\/cremes-anti-age"},{"name":"Soin des l\u00e8vres","code":"R13F06SF03SS03","id":"2460","type":"RAYON","picto":null,"level":4,"sellerId":null,"slug":"soin-des-levres","selected":false,"children":null,"layers":"\/navigation\/2460\/layers","link":"\/r\/hygiene-et-beaute\/le-visage\/soin-du-visage\/soin-des-levres"},{"name":"Huiles hydratantes","code":"R13F06SF03SS04","id":"26856","type":"RAYON","picto":null,"level":4,"sellerId":null,"slug":"huiles-hydratants","selected":false,"children":null,"layers":"\/navigation\/26856\/layers","link":"\/r\/hygiene-et-beaute\/le-visage\/soin-du-visage\/huiles-hydratants"}],"layers":"\/navigation\/2458\/layers","link":"\/r\/hygiene-et-beaute\/le-visage\/soin-du-visage"},{"name":"Maquillage","code":"R13F06SF04","id":"2462","type":"RAYON","picto":null,"level":3,"sellerId":null,"slug":"maquillage","selected":false,"children":[{"name":"Le teint","code":"R13F06SF04SS01","id":"2466","type":"RAYON","picto":null,"level":4,"sellerId":null,"slug":"le-teint","selected":false,"children":null,"layers":"\/navigation\/2466\/layers","link":"\/r\/hygiene-et-beaute\/le-visage\/maquillage\/le-teint"},{"name":"Les yeux","code":"R13F06SF04SS02","id":"2465","type":"RAYON","picto":null,"level":4,"sellerId":null,"slug":"les-yeux","selected":false,"children":null,"layers":"\/navigation\/2465\/layers","link":"\/r\/hygiene-et-beaute\/le-visage\/maquillage\/les-yeux"},{"name":"Les l\u00e8vres","code":"R13F06SF04SS03","id":"2464","type":"RAYON","picto":null,"level":4,"sellerId":null,"slug":"les-levres","selected":false,"children":null,"layers":"\/navigation\/2464\/layers","link":"\/r\/hygiene-et-beaute\/le-visage\/maquillage\/les-levres"},{"name":"Les ongles","code":"R13F06SF04SS04","id":"2463","type":"RAYON","picto":null,"level":4,"sellerId":null,"slug":"les-ongles","selected":false,"children":null,"layers":"\/navigation\/2463\/layers","link":"\/r\/hygiene-et-beaute\/le-visage\/maquillage\/les-ongles"}],"layers":"\/navigation\/2462\/layers","link":"\/r\/hygiene-et-beaute\/le-visage\/maquillage"}],"layers":"\/navigation\/2452\/layers","link":"\/r\/hygiene-et-beaute\/le-visage"},{"name":"Hygi\u00e8ne f\u00e9minine et Incontinence","code":"R13F07","id":"2467","type":"RAYON","picto":"https:\/\/media.carrefour.fr\/medias\/b7a5ef5bb3953590bc736e14c0982e11\/p_96x96\/2467.jpg","level":2,"sellerId":null,"slug":"hygiene-feminine-incontinence","selected":false,"children":[{"name":"Tampons","code":"R13F07SF01","id":"2468","type":"RAYON","picto":null,"level":3,"sellerId":null,"slug":"tampons","selected":false,"children":null,"layers":"\/navigation\/2468\/layers","link":"\/r\/hygiene-et-beaute\/hygiene-feminine-incontinence\/tampons"},{"name":"Serviettes hygi\u00e9niques","code":"R13F07SF02","id":"2469","type":"RAYON","picto":null,"level":3,"sellerId":null,"slug":"serviettes-hygieniques","selected":false,"children":null,"layers":"\/navigation\/2469\/layers","link":"\/r\/hygiene-et-beaute\/hygiene-feminine-incontinence\/serviettes-hygieniques"},{"name":"Prot\u00e8ges-slips","code":"R13F07SF03","id":"2470","type":"RAYON","picto":null,"level":3,"sellerId":null,"slug":"proteges-slips","selected":false,"children":null,"layers":"\/navigation\/2470\/layers","link":"\/r\/hygiene-et-beaute\/hygiene-feminine-incontinence\/proteges-slips"},{"name":"Incontinence","code":"R13F07SF04","id":"2471","type":"RAYON","picto":null,"level":3,"sellerId":null,"slug":"incontinence","selected":false,"children":null,"layers":"\/navigation\/2471\/layers","link":"\/r\/hygiene-et-beaute\/hygiene-feminine-incontinence\/incontinence"},{"name":"Toilette intime","code":"R13F07SF05","id":"2472","type":"RAYON","picto":null,"level":3,"sellerId":null,"slug":"toilette-intime","selected":false,"children":null,"layers":"\/navigation\/2472\/layers","link":"\/r\/hygiene-et-beaute\/hygiene-feminine-incontinence\/toilette-intime"}],"layers":"\/navigation\/2467\/layers","link":"\/r\/hygiene-et-beaute\/hygiene-feminine-incontinence"},{"name":"Premiers soins","code":"R13F08","id":"2488","type":"RAYON","picto":"https:\/\/media.carrefour.fr\/medias\/df729b2f4d97311ea1430382b603b055\/p_96x96\/2488.jpg","level":2,"sellerId":null,"slug":"premiers-soins","selected":false,"children":[{"name":"Pansements, Bandes et D\u00e9sinfectants","code":"R13F08SF01","id":"2489","type":"RAYON","picto":null,"level":3,"sellerId":null,"slug":"pansements-bandes-et-desinfectants","selected":false,"children":null,"layers":"\/navigation\/2489\/layers","link":"\/r\/hygiene-et-beaute\/premiers-soins\/pansements-bandes-et-desinfectants"},{"name":"S\u00e9rums physiologiques et Sprays nasaux","code":"R13F08SF02","id":"2490","type":"RAYON","picto":null,"level":3,"sellerId":null,"slug":"serums-physiologiques-et-sprays-nasaux","selected":false,"children":null,"layers":"\/navigation\/2490\/layers","link":"\/r\/hygiene-et-beaute\/premiers-soins\/serums-physiologiques-et-sprays-nasaux"},{"name":"Pr\u00e9servatifs et Gels lubrifiants","code":"R13F08SF03","id":"2491","type":"RAYON","picto":null,"level":3,"sellerId":null,"slug":"preservatifs-et-gels-lubrifiants","selected":false,"children":null,"layers":"\/navigation\/2491\/layers","link":"\/r\/hygiene-et-beaute\/premiers-soins\/preservatifs-et-gels-lubrifiants"},{"name":"Tests de grossesse","code":"R13F08SF04","id":"2492","type":"RAYON","picto":null,"level":3,"sellerId":null,"slug":"tests-de-grossesse","selected":false,"children":null,"layers":"\/navigation\/2492\/layers","link":"\/r\/hygiene-et-beaute\/premiers-soins\/tests-de-grossesse"},{"name":"Produits anti-moustiques","code":"R13F08SF05","id":"2493","type":"RAYON","picto":null,"level":3,"sellerId":null,"slug":"produits-anti-moustiques","selected":false,"children":null,"layers":"\/navigation\/2493\/layers","link":"\/r\/hygiene-et-beaute\/premiers-soins\/produits-anti-moustiques"},{"name":"Optique et Auditif","code":"R13F08SF06","id":"2494","type":"RAYON","picto":null,"level":3,"sellerId":null,"slug":"optique-et-auditif","selected":false,"children":null,"layers":"\/navigation\/2494\/layers","link":"\/r\/hygiene-et-beaute\/premiers-soins\/optique-et-auditif"}],"layers":"\/navigation\/2488\/layers","link":"\/r\/hygiene-et-beaute\/premiers-soins"},{"name":"Enfants","code":"R13F09","id":"2473","type":"RAYON","picto":"https:\/\/media.carrefour.fr\/medias\/7706eb94f1f33f72866ae1e634c4657b\/p_96x96\/2473.jpg","level":2,"sellerId":null,"slug":"enfants","selected":false,"children":[{"name":"Gels douche","code":"R13F09SF01","id":"2474","type":"RAYON","picto":null,"level":3,"sellerId":null,"slug":"gels-douche","selected":false,"children":null,"layers":"\/navigation\/2474\/layers","link":"\/r\/hygiene-et-beaute\/enfants\/gels-douche"},{"name":"Shampoings et D\u00e9m\u00ealants","code":"R13F09SF02","id":"2475","type":"RAYON","picto":null,"level":3,"sellerId":null,"slug":"shampoings-et-demelants","selected":false,"children":null,"layers":"\/navigation\/2475\/layers","link":"\/r\/hygiene-et-beaute\/enfants\/shampoings-et-demelants"},{"name":"Dentifrices et Brosses \u00e0 dents","code":"R13F09SF03","id":"2476","type":"RAYON","picto":null,"level":3,"sellerId":null,"slug":"dentifrices-et-brosses-a-dents","selected":false,"children":null,"layers":"\/navigation\/2476\/layers","link":"\/r\/hygiene-et-beaute\/enfants\/dentifrices-et-brosses-a-dents"},{"name":"Coffrets et Parfums","code":"R13F09SF04","id":"26013","type":"RAYON","picto":null,"level":3,"sellerId":null,"slug":"coffrets-et-parfums","selected":false,"children":null,"layers":"\/navigation\/26013\/layers","link":"\/r\/hygiene-et-beaute\/enfants\/coffrets-et-parfums"}],"layers":"\/navigation\/2473\/layers","link":"\/r\/hygiene-et-beaute\/enfants"},{"name":"Hommes","code":"R13F10","id":"2477","type":"RAYON","picto":"https:\/\/media.carrefour.fr\/medias\/04e5fa0dd3783b0895fba9536c3046c9\/p_96x96\/2477.jpg","level":2,"sellerId":null,"slug":"hommes","selected":false,"children":[{"name":"Rasage homme","code":"R13F10SF01","id":"2478","type":"RAYON","picto":null,"level":3,"sellerId":null,"slug":"rasage-homme","selected":false,"children":[{"name":"Rasoirs","code":"R13F10SF01SS01","id":"2479","type":"RAYON","picto":null,"level":4,"sellerId":null,"slug":"rasoirs","selected":false,"children":null,"layers":"\/navigation\/2479\/layers","link":"\/r\/hygiene-et-beaute\/hommes\/rasage-homme\/rasoirs"},{"name":"Lames","code":"R13F10SF01SS02","id":"2480","type":"RAYON","picto":null,"level":4,"sellerId":null,"slug":"lames","selected":false,"children":null,"layers":"\/navigation\/2480\/layers","link":"\/r\/hygiene-et-beaute\/hommes\/rasage-homme\/lames"},{"name":"Gels et Mousses","code":"R13F10SF01SS03","id":"2481","type":"RAYON","picto":null,"level":4,"sellerId":null,"slug":"gels-mousses","selected":false,"children":null,"layers":"\/navigation\/2481\/layers","link":"\/r\/hygiene-et-beaute\/hommes\/rasage-homme\/gels-mousses"},{"name":"Apr\u00e8s rasage et Soins de la barbe","code":"R13F10SF01SS04","id":"2482","type":"RAYON","picto":null,"level":4,"sellerId":null,"slug":"apres-rasage-et-soins-de-la-barbe","selected":false,"children":null,"layers":"\/navigation\/2482\/layers","link":"\/r\/hygiene-et-beaute\/hommes\/rasage-homme\/apres-rasage-et-soins-de-la-barbe"}],"layers":"\/navigation\/2478\/layers","link":"\/r\/hygiene-et-beaute\/hommes\/rasage-homme"},{"name":"Soins du visage homme","code":"R13F10SF02","id":"2483","type":"RAYON","picto":null,"level":3,"sellerId":null,"slug":"soins-du-visage-homme","selected":false,"children":null,"layers":"\/navigation\/2483\/layers","link":"\/r\/hygiene-et-beaute\/hommes\/soins-du-visage-homme"},{"name":"Gels douche homme","code":"R13F10SF03","id":"2484","type":"RAYON","picto":null,"level":3,"sellerId":null,"slug":"gels-douche-homme","selected":false,"children":null,"layers":"\/navigation\/2484\/layers","link":"\/r\/hygiene-et-beaute\/hommes\/gels-douche-homme"},{"name":"Shampoings homme","code":"R13F10SF04","id":"2485","type":"RAYON","picto":null,"level":3,"sellerId":null,"slug":"shampoings-homme","selected":false,"children":null,"layers":"\/navigation\/2485\/layers","link":"\/r\/hygiene-et-beaute\/hommes\/shampoings-homme"},{"name":"D\u00e9odorants homme","code":"R13F10SF05","id":"2486","type":"RAYON","picto":null,"level":3,"sellerId":null,"slug":"deodorants-hommes","selected":false,"children":null,"layers":"\/navigation\/2486\/layers","link":"\/r\/hygiene-et-beaute\/hommes\/deodorants-hommes"},{"name":"Gels et Cires","code":"R13F10SF06","id":"2487","type":"RAYON","picto":null,"level":3,"sellerId":null,"slug":"gels-et-cires","selected":false,"children":null,"layers":"\/navigation\/2487\/layers","link":"\/r\/hygiene-et-beaute\/hommes\/gels-et-cires"}],"layers":"\/navigation\/2477\/layers","link":"\/r\/hygiene-et-beaute\/hommes"},{"name":"Huiles essentielles","code":"R13F11","id":"2495","type":"RAYON","picto":"https:\/\/media.carrefour.fr\/medias\/1ec159e3756b367d852d99145d86afef\/p_96x96\/2495.jpg","level":2,"sellerId":null,"slug":"huiles-essentielles","selected":false,"children":null,"layers":"\/navigation\/2495\/layers","link":"\/r\/hygiene-et-beaute\/huiles-essentielles"},{"name":"Formats voyage","code":"R13F12","id":"2496","type":"RAYON","picto":"https:\/\/media.carrefour.fr\/medias\/de1809f0ff413e1397614bce068563e1\/p_96x96\/2496.jpg","level":2,"sellerId":null,"slug":"formats-voyage","selected":false,"children":null,"layers":"\/navigation\/2496\/layers","link":"\/r\/hygiene-et-beaute\/formats-voyage"}],"layers":"\/navigation\/2415\/layers","link":"\/r\/hygiene-et-beaute"},{"name":"Parapharmacie","code":"R14","id":"2497","type":"BOUTIQUE_BOUTIQUE","picto":"https:\/\/media.carrefour.fr\/medias\/c816b921c67a359c9d3b4a57897b7367\/p_96x96\/2497.jpg","level":1,"sellerId":null,"slug":"parapharmacie","selected":false,"children":[{"name":"Coffrets","code":"R14F02","id":"28606","type":"BOUTIQUE_BOUTIQUE","picto":null,"level":2,"sellerId":null,"slug":"coffrets","selected":false,"children":null,"prefix":"boutique","layers":"\/navigation\/28606\/layers","link":"\/boutique\/parapharmacie\/coffrets"},{"name":"Compl\u00e9ments alimentaires","code":"R14F02","id":"2567","type":"BOUTIQUE_BOUTIQUE","picto":"https:\/\/media.carrefour.fr\/medias\/50ee7ead6edb3f20a10eee9c526d1981\/p_96x96\/2567.jpg","level":2,"sellerId":null,"slug":"complements-alimentaires","selected":false,"children":[{"name":"Peau et Solaire","code":"R14F02SF01","id":"2568","type":"BOUTIQUE_BOUTIQUE","picto":null,"level":3,"sellerId":null,"slug":"peau-et-solaire","selected":false,"children":null,"prefix":"boutique","layers":"\/navigation\/2568\/layers","link":"\/boutique\/parapharmacie\/complements-alimentaires\/peau-et-solaire"},{"name":"Digestion et Transit","code":"R14F02SF02","id":"2569","type":"BOUTIQUE_BOUTIQUE","picto":null,"level":3,"sellerId":null,"slug":"digestion-et-transit","selected":false,"children":null,"prefix":"boutique","layers":"\/navigation\/2569\/layers","link":"\/boutique\/parapharmacie\/complements-alimentaires\/digestion-et-transit"},{"name":"Forme et Sant\u00e9","code":"R14F02SF03","id":"2570","type":"BOUTIQUE_BOUTIQUE","picto":null,"level":3,"sellerId":null,"slug":"forme-et-sante","selected":false,"children":[{"name":"Articulations","code":"R14F02SF03SS01","id":"2571","type":"BOUTIQUE_BOUTIQUE","picto":null,"level":4,"sellerId":null,"slug":"articulations","selected":false,"children":null,"prefix":"boutique","layers":"\/navigation\/2571\/layers","link":"\/boutique\/parapharmacie\/complements-alimentaires\/forme-et-sante\/articulations"},{"name":"Jambes et Circulation","code":"R14F02SF03SS02","id":"2572","type":"BOUTIQUE_BOUTIQUE","picto":null,"level":4,"sellerId":null,"slug":"jambes-et-circulation","selected":false,"children":null,"prefix":"boutique","layers":"\/navigation\/2572\/layers","link":"\/boutique\/parapharmacie\/complements-alimentaires\/forme-et-sante\/jambes-et-circulation"}],"prefix":"boutique","layers":"\/navigation\/2570\/layers","link":"\/boutique\/parapharmacie\/complements-alimentaires\/forme-et-sante"},{"name":"Cheveux et Ongles","code":"R14F01SF04","id":"2573","type":"BOUTIQUE_BOUTIQUE","picto":null,"level":3,"sellerId":null,"slug":"cheveux-et-ongles","selected":false,"children":null,"prefix":"boutique","layers":"\/navigation\/2573\/layers","link":"\/boutique\/parapharmacie\/complements-alimentaires\/cheveux-et-ongles"},{"name":"Huiles essentielles et Sprays","code":"R14F02SF05","id":"2574","type":"BOUTIQUE_BOUTIQUE","picto":null,"level":3,"sellerId":null,"slug":"huiles-essentielles-et-sprays","selected":false,"children":null,"prefix":"boutique","layers":"\/navigation\/2574\/layers","link":"\/boutique\/parapharmacie\/complements-alimentaires\/huiles-essentielles-et-sprays"},{"name":"Vitamines","code":"R14F02SF06","id":"2575","type":"BOUTIQUE_BOUTIQUE","picto":null,"level":3,"sellerId":null,"slug":"vitamines","selected":false,"children":null,"prefix":"boutique","layers":"\/navigation\/2575\/layers","link":"\/boutique\/parapharmacie\/complements-alimentaires\/vitamines"},{"name":"Minceur","code":"R14F02SF07","id":"2576","type":"BOUTIQUE_BOUTIQUE","picto":null,"level":3,"sellerId":null,"slug":"minceur","selected":false,"children":[{"name":"Capteurs et Bruleurs de graisse","code":"R14F02SF07SS01","id":"2577","type":"BOUTIQUE_BOUTIQUE","picto":null,"level":4,"sellerId":null,"slug":"capteurs-bruleurs-de-graisse","selected":false,"children":null,"prefix":"boutique","layers":"\/navigation\/2577\/layers","link":"\/boutique\/parapharmacie\/complements-alimentaires\/minceur\/capteurs-bruleurs-de-graisse"},{"name":"Drainage et Cellulite","code":"R14F02SF07SS02","id":"2578","type":"BOUTIQUE_BOUTIQUE","picto":null,"level":4,"sellerId":null,"slug":"drainage-et-cellulite","selected":false,"children":null,"prefix":"boutique","layers":"\/navigation\/2578\/layers","link":"\/boutique\/parapharmacie\/complements-alimentaires\/minceur\/drainage-et-cellulite"}],"prefix":"boutique","layers":"\/navigation\/2576\/layers","link":"\/boutique\/parapharmacie\/complements-alimentaires\/minceur"},{"name":"Sommeil et Stress","code":"R14F02SF08","id":"2579","type":"BOUTIQUE_BOUTIQUE","picto":null,"level":3,"sellerId":null,"slug":"sommeil-et-stress","selected":false,"children":null,"prefix":"boutique","layers":"\/navigation\/2579\/layers","link":"\/boutique\/parapharmacie\/complements-alimentaires\/sommeil-et-stress"}],"prefix":"boutique","layers":"\/navigation\/2567\/layers","link":"\/boutique\/parapharmacie\/complements-alimentaires"},{"name":"Corps","code":"R14F03","id":"2520","type":"BOUTIQUE_BOUTIQUE","picto":"https:\/\/media.carrefour.fr\/medias\/04d315781b183a7c849b0f7072b549ea\/p_96x96\/2520.jpg","level":2,"sellerId":null,"slug":"corps","selected":false,"children":[{"name":"Laits et Baumes hydratants","code":"R14F03SF01","id":"2521","type":"BOUTIQUE_BOUTIQUE","picto":null,"level":3,"sellerId":null,"slug":"laits-et-baumes-hydratants","selected":false,"children":null,"prefix":"boutique","layers":"\/navigation\/2521\/layers","link":"\/boutique\/parapharmacie\/corps\/laits-et-baumes-hydratants"},{"name":"Huiles corps et Cheveux","code":"R14F03SF02","id":"2522","type":"BOUTIQUE_BOUTIQUE","picto":null,"level":3,"sellerId":null,"slug":"huile-corps-et-cheveux","selected":false,"children":null,"prefix":"boutique","layers":"\/navigation\/2522\/layers","link":"\/boutique\/parapharmacie\/corps\/huile-corps-et-cheveux"},{"name":"Hygi\u00e8ne intime","code":"R14F03SF03","id":"2523","type":"BOUTIQUE_BOUTIQUE","picto":null,"level":3,"sellerId":null,"slug":"hygiene-intime","selected":false,"children":null,"prefix":"boutique","layers":"\/navigation\/2523\/layers","link":"\/boutique\/parapharmacie\/corps\/hygiene-intime"},{"name":"Parfums","code":"R14F03SF04","id":"2524","type":"BOUTIQUE_BOUTIQUE","picto":null,"level":3,"sellerId":null,"slug":"parfums","selected":false,"children":null,"prefix":"boutique","layers":"\/navigation\/2524\/layers","link":"\/boutique\/parapharmacie\/corps\/parfums"},{"name":"D\u00e9odorants mixtes","code":"R14F03SF05","id":"2525","type":"BOUTIQUE_BOUTIQUE","picto":null,"level":3,"sellerId":null,"slug":"deodorants-mixtes","selected":false,"children":null,"prefix":"boutique","layers":"\/navigation\/2525\/layers","link":"\/boutique\/parapharmacie\/corps\/deodorants-mixtes"},{"name":"Soins amincissants et raffermissants","code":"R14F03SF06","id":"2526","type":"BOUTIQUE_BOUTIQUE","picto":null,"level":3,"sellerId":null,"slug":"soins-amincissants-et-raffermissants","selected":false,"children":null,"prefix":"boutique","layers":"\/navigation\/2526\/layers","link":"\/boutique\/parapharmacie\/corps\/soins-amincissants-et-raffermissants"},{"name":"Vergetures, Pr\u00e9vention et R\u00e9paration","code":"R14F03SF07","id":"2527","type":"BOUTIQUE_BOUTIQUE","picto":null,"level":3,"sellerId":null,"slug":"vergetures-prevention-et-reparation","selected":false,"children":null,"prefix":"boutique","layers":"\/navigation\/2527\/layers","link":"\/boutique\/parapharmacie\/corps\/vergetures-prevention-et-reparation"},{"name":"Soin des mains et pieds","code":"R14F03SF08","id":"2528","type":"BOUTIQUE_BOUTIQUE","picto":null,"level":3,"sellerId":null,"slug":"soin-des-mains-et-pieds","selected":false,"children":null,"prefix":"boutique","layers":"\/navigation\/2528\/layers","link":"\/boutique\/parapharmacie\/corps\/soin-des-mains-et-pieds"},{"name":"D\u00e9pilatoires","code":"R14F03SF09","id":"2529","type":"BOUTIQUE_BOUTIQUE","picto":null,"level":3,"sellerId":null,"slug":"depilatoires","selected":false,"children":null,"prefix":"boutique","layers":"\/navigation\/2529\/layers","link":"\/boutique\/parapharmacie\/corps\/depilatoires"},{"name":"Gels douche et Savons","code":"R14F03SF10","id":"2530","type":"BOUTIQUE_BOUTIQUE","picto":null,"level":3,"sellerId":null,"slug":"gels-douche-savons","selected":false,"children":null,"prefix":"boutique","layers":"\/navigation\/2530\/layers","link":"\/boutique\/parapharmacie\/corps\/gels-douche-savons"}],"prefix":"boutique","layers":"\/navigation\/2520\/layers","link":"\/boutique\/parapharmacie\/corps"},{"name":"Dentaire","code":"R14F04","id":"2498","type":"BOUTIQUE_BOUTIQUE","picto":"https:\/\/media.carrefour.fr\/medias\/5ddb4dba06533c308b39a8e4daf07011\/p_96x96\/2498.jpg","level":2,"sellerId":null,"slug":"dentaire","selected":false,"children":[{"name":"Brosses \u00e0 dent et Dentifrices enfant","code":"R14F04SF01","id":"2499","type":"BOUTIQUE_BOUTIQUE","picto":null,"level":3,"sellerId":null,"slug":"brosses-a-dent-et-dentifrices-enfant","selected":false,"children":null,"prefix":"boutique","layers":"\/navigation\/2499\/layers","link":"\/boutique\/parapharmacie\/dentaire\/brosses-a-dent-et-dentifrices-enfant"},{"name":"Bains de bouche","code":"R14F04SF02","id":"2500","type":"BOUTIQUE_BOUTIQUE","picto":null,"level":3,"sellerId":null,"slug":"bain-de-bouche","selected":false,"children":null,"prefix":"boutique","layers":"\/navigation\/2500\/layers","link":"\/boutique\/parapharmacie\/dentaire\/bain-de-bouche"},{"name":"Brosses \u00e0 dent adulte et Brossettes","code":"R14F04SF03","id":"2501","type":"BOUTIQUE_BOUTIQUE","picto":null,"level":3,"sellerId":null,"slug":"brosses-a-dent-adulte-et-brossettes","selected":false,"children":null,"prefix":"boutique","layers":"\/navigation\/2501\/layers","link":"\/boutique\/parapharmacie\/dentaire\/brosses-a-dent-adulte-et-brossettes"},{"name":"Chewing gums, Pastilles et Kits voyage","code":"R14F04SF04","id":"2502","type":"BOUTIQUE_BOUTIQUE","picto":null,"level":3,"sellerId":null,"slug":"chewing-gums-pastilles-et-kits-voyage","selected":false,"children":null,"prefix":"boutique","layers":"\/navigation\/2502\/layers","link":"\/boutique\/parapharmacie\/dentaire\/chewing-gums-pastilles-et-kits-voyage"},{"name":"Dentifrices adulte","code":"R14F04SF05","id":"2503","type":"BOUTIQUE_BOUTIQUE","picto":null,"level":3,"sellerId":null,"slug":"dentifrice-adulte","selected":false,"children":[{"name":"Protection gencives","code":"R14F04SF05SS01","id":"2504","type":"BOUTIQUE_BOUTIQUE","picto":null,"level":4,"sellerId":null,"slug":"protection-gencives","selected":false,"children":null,"prefix":"boutique","layers":"\/navigation\/2504\/layers","link":"\/boutique\/parapharmacie\/dentaire\/dentifrice-adulte\/protection-gencives"},{"name":"Fraicheur","code":"R14F04SF05SS02","id":"2505","type":"BOUTIQUE_BOUTIQUE","picto":null,"level":4,"sellerId":null,"slug":"fraicheur","selected":false,"children":null,"prefix":"boutique","layers":"\/navigation\/2505\/layers","link":"\/boutique\/parapharmacie\/dentaire\/dentifrice-adulte\/fraicheur"},{"name":"Blancheur","code":"R14F04SF05SS03","id":"2506","type":"BOUTIQUE_BOUTIQUE","picto":null,"level":4,"sellerId":null,"slug":"blancheur","selected":false,"children":null,"prefix":"boutique","layers":"\/navigation\/2506\/layers","link":"\/boutique\/parapharmacie\/dentaire\/dentifrice-adulte\/blancheur"},{"name":"Sensible et Anti-caries","code":"R14F04SF05SS04","id":"2507","type":"BOUTIQUE_BOUTIQUE","picto":null,"level":4,"sellerId":null,"slug":"sensible-et-anti-caries","selected":false,"children":null,"prefix":"boutique","layers":"\/navigation\/2507\/layers","link":"\/boutique\/parapharmacie\/dentaire\/dentifrice-adulte\/sensible-et-anti-caries"}],"prefix":"boutique","layers":"\/navigation\/2503\/layers","link":"\/boutique\/parapharmacie\/dentaire\/dentifrice-adulte"}],"prefix":"boutique","layers":"\/navigation\/2498\/layers","link":"\/boutique\/parapharmacie\/dentaire"},{"name":"Capillaire","code":"R14F05","id":"2508","type":"BOUTIQUE_BOUTIQUE","picto":"https:\/\/media.carrefour.fr\/medias\/fad9abb0ee8a32b6bf98cd581e896551\/p_96x96\/2508.jpg","level":2,"sellerId":null,"slug":"capillaire","selected":false,"children":[{"name":"Coloration","code":"R14F05SF01","id":"2509","type":"BOUTIQUE_BOUTIQUE","picto":null,"level":3,"sellerId":null,"slug":"coloration","selected":false,"children":null,"prefix":"boutique","layers":"\/navigation\/2509\/layers","link":"\/boutique\/parapharmacie\/capillaire\/coloration"},{"name":"Anti poux","code":"R14F05SF02","id":"2510","type":"BOUTIQUE_BOUTIQUE","picto":null,"level":3,"sellerId":null,"slug":"anti-poux","selected":false,"children":null,"prefix":"boutique","layers":"\/navigation\/2510\/layers","link":"\/boutique\/parapharmacie\/capillaire\/anti-poux"},{"name":"Apr\u00e8s shampoings et Soins","code":"R14F05SF04","id":"2512","type":"BOUTIQUE_BOUTIQUE","picto":null,"level":3,"sellerId":null,"slug":"apres-shampoings-et-soins","selected":false,"children":null,"prefix":"boutique","layers":"\/navigation\/2512\/layers","link":"\/boutique\/parapharmacie\/capillaire\/apres-shampoings-et-soins"},{"name":"Shampoings","code":"R14F05SF05","id":"2513","type":"BOUTIQUE_BOUTIQUE","picto":null,"level":3,"sellerId":null,"slug":"shampoings","selected":false,"children":[{"name":"Cheveux normaux","code":"R14F05SF05SS01","id":"2514","type":"BOUTIQUE_BOUTIQUE","picto":null,"level":4,"sellerId":null,"slug":"cheveux-normaux","selected":false,"children":null,"prefix":"boutique","layers":"\/navigation\/2514\/layers","link":"\/boutique\/parapharmacie\/capillaire\/shampoings\/cheveux-normaux"},{"name":"Cheveux secs et color\u00e9s","code":"R14F05SF05SS02","id":"2515","type":"BOUTIQUE_BOUTIQUE","picto":null,"level":4,"sellerId":null,"slug":"cheveux-secs-et-colores","selected":false,"children":null,"prefix":"boutique","layers":"\/navigation\/2515\/layers","link":"\/boutique\/parapharmacie\/capillaire\/shampoings\/cheveux-secs-et-colores"},{"name":"Cheveux gras et volume","code":"R14F05SF05SS03","id":"2516","type":"BOUTIQUE_BOUTIQUE","picto":null,"level":4,"sellerId":null,"slug":"cheveux-gras-et-volume","selected":false,"children":null,"prefix":"boutique","layers":"\/navigation\/2516\/layers","link":"\/boutique\/parapharmacie\/capillaire\/shampoings\/cheveux-gras-et-volume"},{"name":"Anti-pelliculaire et Dermotraitant","code":"R14F05SF05SS04","id":"2517","type":"BOUTIQUE_BOUTIQUE","picto":null,"level":4,"sellerId":null,"slug":"anti-pelliculaire-et-dermotraitant","selected":false,"children":null,"prefix":"boutique","layers":"\/navigation\/2517\/layers","link":"\/boutique\/parapharmacie\/capillaire\/shampoings\/anti-pelliculaire-et-dermotraitant"},{"name":"Anti-chute","code":"R14F05SF05SS05","id":"2518","type":"BOUTIQUE_BOUTIQUE","picto":null,"level":4,"sellerId":null,"slug":"anti-chute","selected":false,"children":null,"prefix":"boutique","layers":"\/navigation\/2518\/layers","link":"\/boutique\/parapharmacie\/capillaire\/shampoings\/anti-chute"},{"name":"Shampoings secs","code":"R14F05SF05SS06","id":"2519","type":"BOUTIQUE_BOUTIQUE","picto":null,"level":4,"sellerId":null,"slug":"shampoings-secs","selected":false,"children":null,"prefix":"boutique","layers":"\/navigation\/2519\/layers","link":"\/boutique\/parapharmacie\/capillaire\/shampoings\/shampoings-secs"}],"prefix":"boutique","layers":"\/navigation\/2513\/layers","link":"\/boutique\/parapharmacie\/capillaire\/shampoings"}],"prefix":"boutique","layers":"\/navigation\/2508\/layers","link":"\/boutique\/parapharmacie\/capillaire"},{"name":"Visage","code":"R14F06","id":"2540","type":"BOUTIQUE_BOUTIQUE","picto":"https:\/\/media.carrefour.fr\/medias\/05fbc54c635c3b9496bbf47a09db569e\/p_96x96\/2540.jpg","level":2,"sellerId":null,"slug":"visage","selected":false,"children":[{"name":"Soins anti rougeurs et Soins d\u00e9pigmentant","code":"R14F06SF01","id":"2541","type":"BOUTIQUE_BOUTIQUE","picto":null,"level":3,"sellerId":null,"slug":"soins-anti-rougeurs-soins-depigmentants","selected":false,"children":null,"prefix":"boutique","layers":"\/navigation\/2541\/layers","link":"\/boutique\/parapharmacie\/visage\/soins-anti-rougeurs-soins-depigmentants"},{"name":"Nettoyants et D\u00e9maquillants","code":"R14F06SF02","id":"2542","type":"BOUTIQUE_BOUTIQUE","picto":null,"level":3,"sellerId":null,"slug":"nettoyants-et-demaquillants","selected":false,"children":null,"prefix":"boutique","layers":"\/navigation\/2542\/layers","link":"\/boutique\/parapharmacie\/visage\/nettoyants-et-demaquillants"},{"name":"Maquillage et Soins des l\u00e8vres","code":"R14F06SF03","id":"2543","type":"BOUTIQUE_BOUTIQUE","picto":null,"level":3,"sellerId":null,"slug":"maquillage-et-soins-des-levres","selected":false,"children":null,"prefix":"boutique","layers":"\/navigation\/2543\/layers","link":"\/boutique\/parapharmacie\/visage\/maquillage-et-soins-des-levres"},{"name":"Contours yeux et Correcteurs","code":"R14F06SF04","id":"2544","type":"BOUTIQUE_BOUTIQUE","picto":null,"level":3,"sellerId":null,"slug":"contours-yeux-correcteurs","selected":false,"children":null,"prefix":"boutique","layers":"\/navigation\/2544\/layers","link":"\/boutique\/parapharmacie\/visage\/contours-yeux-correcteurs"},{"name":"Soins anti-imperfections","code":"R14F06SF05","id":"2545","type":"BOUTIQUE_BOUTIQUE","picto":null,"level":3,"sellerId":null,"slug":"soins-anti-imperfections","selected":false,"children":[{"name":"Nettoyants, D\u00e9maquillants et Exfoliants","code":"R14F06SF05SS01","id":"2546","type":"BOUTIQUE_BOUTIQUE","picto":null,"level":4,"sellerId":null,"slug":"nettoyants-demaquillants-et-exfoliants","selected":false,"children":null,"prefix":"boutique","layers":"\/navigation\/2546\/layers","link":"\/boutique\/parapharmacie\/visage\/soins-anti-imperfections\/nettoyants-demaquillants-et-exfoliants"},{"name":"Soins cibl\u00e9s boutons et Masques","code":"R14F06SF05SS02","id":"2547","type":"BOUTIQUE_BOUTIQUE","picto":null,"level":4,"sellerId":null,"slug":"soins-cibles-boutons-et-masques","selected":false,"children":null,"prefix":"boutique","layers":"\/navigation\/2547\/layers","link":"\/boutique\/parapharmacie\/visage\/soins-anti-imperfections\/soins-cibles-boutons-et-masques"},{"name":"Soins hydratants et Matifiants","code":"R14F06SF05SS03","id":"2548","type":"BOUTIQUE_BOUTIQUE","picto":null,"level":4,"sellerId":null,"slug":"soins-hydratants-et-matifiants","selected":false,"children":null,"prefix":"boutique","layers":"\/navigation\/2548\/layers","link":"\/boutique\/parapharmacie\/visage\/soins-anti-imperfections\/soins-hydratants-et-matifiants"}],"prefix":"boutique","layers":"\/navigation\/2545\/layers","link":"\/boutique\/parapharmacie\/visage\/soins-anti-imperfections"},{"name":"S\u00e9rums visage","code":"R14F06SF06","id":"2549","type":"BOUTIQUE_BOUTIQUE","picto":null,"level":3,"sellerId":null,"slug":"serums-visage","selected":false,"children":null,"prefix":"boutique","layers":"\/navigation\/2549\/layers","link":"\/boutique\/parapharmacie\/visage\/serums-visage"},{"name":"Homme","code":"R14F06SF07","id":"2550","type":"BOUTIQUE_BOUTIQUE","picto":null,"level":3,"sellerId":null,"slug":"homme","selected":false,"children":null,"prefix":"boutique","layers":"\/navigation\/2550\/layers","link":"\/boutique\/parapharmacie\/visage\/homme"},{"name":"Soins hydratants et Masques","code":"R14F06SF08","id":"2551","type":"BOUTIQUE_BOUTIQUE","picto":null,"level":3,"sellerId":null,"slug":"soins-hydratants-et-masques","selected":false,"children":[{"name":"Masques","code":"R14F06SF08SS01","id":"2552","type":"BOUTIQUE_BOUTIQUE","picto":null,"level":4,"sellerId":null,"slug":"masques","selected":false,"children":null,"prefix":"boutique","layers":"\/navigation\/2552\/layers","link":"\/boutique\/parapharmacie\/visage\/soins-hydratants-et-masques\/masques"},{"name":"Peaux sensibles et irrit\u00e9es","code":"R14F06SF08SS02","id":"2553","type":"BOUTIQUE_BOUTIQUE","picto":null,"level":4,"sellerId":null,"slug":"peaux-sensibles-et-irritees","selected":false,"children":null,"prefix":"boutique","layers":"\/navigation\/2553\/layers","link":"\/boutique\/parapharmacie\/visage\/soins-hydratants-et-masques\/peaux-sensibles-et-irritees"},{"name":"Peaux s\u00e8ches \u00e0 tr\u00e8s s\u00e8ches","code":"R14F06SF08SS03","id":"2554","type":"BOUTIQUE_BOUTIQUE","picto":null,"level":4,"sellerId":null,"slug":"peaux-seches-a-tres-seches","selected":false,"children":null,"prefix":"boutique","layers":"\/navigation\/2554\/layers","link":"\/boutique\/parapharmacie\/visage\/soins-hydratants-et-masques\/peaux-seches-a-tres-seches"},{"name":"Peaux normales, mixtes et grasses","code":"R14F06SF08SS04","id":"2555","type":"BOUTIQUE_BOUTIQUE","picto":null,"level":4,"sellerId":null,"slug":"peaux-normales-mixtes-et-grasses","selected":false,"children":null,"prefix":"boutique","layers":"\/navigation\/2555\/layers","link":"\/boutique\/parapharmacie\/visage\/soins-hydratants-et-masques\/peaux-normales-mixtes-et-grasses"}],"prefix":"boutique","layers":"\/navigation\/2551\/layers","link":"\/boutique\/parapharmacie\/visage\/soins-hydratants-et-masques"},{"name":"Soins anti-rides","code":"R14F06SF09","id":"2556","type":"BOUTIQUE_BOUTIQUE","picto":null,"level":3,"sellerId":null,"slug":"soins-anti-rides","selected":false,"children":[{"name":"Cr\u00e8mes de nuit","code":"R14F06SF09SS01","id":"2557","type":"BOUTIQUE_BOUTIQUE","picto":null,"level":4,"sellerId":null,"slug":"cremes-de-nuit","selected":false,"children":null,"prefix":"boutique","layers":"\/navigation\/2557\/layers","link":"\/boutique\/parapharmacie\/visage\/soins-anti-rides\/cremes-de-nuit"},{"name":"Cr\u00e8mes de jour","code":"R14F06SF09SS02","id":"2558","type":"BOUTIQUE_BOUTIQUE","picto":null,"level":4,"sellerId":null,"slug":"cremes-de-jour","selected":false,"children":null,"prefix":"boutique","layers":"\/navigation\/2558\/layers","link":"\/boutique\/parapharmacie\/visage\/soins-anti-rides\/cremes-de-jour"}],"prefix":"boutique","layers":"\/navigation\/2556\/layers","link":"\/boutique\/parapharmacie\/visage\/soins-anti-rides"}],"prefix":"boutique","layers":"\/navigation\/2540\/layers","link":"\/boutique\/parapharmacie\/visage"},{"name":"1ers Soins","code":"R14F07","id":"2531","type":"BOUTIQUE_BOUTIQUE","picto":"https:\/\/media.carrefour.fr\/medias\/a3a3e1a5a72f3063982d9d230e52a8f2\/p_96x96\/2531.jpg","level":2,"sellerId":null,"slug":"1ers-soins","selected":false,"children":[{"name":"Douleurs et Maux","code":"R14F07SF01","id":"2532","type":"BOUTIQUE_BOUTIQUE","picto":null,"level":3,"sellerId":null,"slug":"douleurs-et-maux","selected":false,"children":null,"prefix":"boutique","layers":"\/navigation\/2532\/layers","link":"\/boutique\/parapharmacie\/1ers-soins\/douleurs-et-maux"},{"name":"Optique et Auditif","code":"R14F07SF02","id":"2533","type":"BOUTIQUE_BOUTIQUE","picto":null,"level":3,"sellerId":null,"slug":"optique-et-auditif","selected":false,"children":null,"prefix":"boutique","layers":"\/navigation\/2533\/layers","link":"\/boutique\/parapharmacie\/1ers-soins\/optique-et-auditif"},{"name":"D\u00e9sinfectants et Cicatrisants","code":"R14F07SF03","id":"2534","type":"BOUTIQUE_BOUTIQUE","picto":null,"level":3,"sellerId":null,"slug":"desinfectants-et-cicatrisants","selected":false,"children":null,"prefix":"boutique","layers":"\/navigation\/2534\/layers","link":"\/boutique\/parapharmacie\/1ers-soins\/desinfectants-et-cicatrisants"},{"name":"Thermom\u00e8tres et Tensiom\u00e8tres","code":"R14F07SF04","id":"2535","type":"BOUTIQUE_BOUTIQUE","picto":null,"level":3,"sellerId":null,"slug":"thermometre-et-tensiometre","selected":false,"children":null,"prefix":"boutique","layers":"\/navigation\/2535\/layers","link":"\/boutique\/parapharmacie\/1ers-soins\/thermometre-et-tensiometre"},{"name":"Pansements et Bandes","code":"R14F07SF05","id":"2536","type":"BOUTIQUE_BOUTIQUE","picto":null,"level":3,"sellerId":null,"slug":"pansement-et-bandes","selected":false,"children":null,"prefix":"boutique","layers":"\/navigation\/2536\/layers","link":"\/boutique\/parapharmacie\/1ers-soins\/pansement-et-bandes"},{"name":"Test de grossesse","code":"R14F07SF06","id":"2537","type":"BOUTIQUE_BOUTIQUE","picto":null,"level":3,"sellerId":null,"slug":"test-de-grossesse","selected":false,"children":null,"prefix":"boutique","layers":"\/navigation\/2537\/layers","link":"\/boutique\/parapharmacie\/1ers-soins\/test-de-grossesse"},{"name":"Gels bact\u00e9riens et assainissants","code":"R14F07SF07","id":"2538","type":"BOUTIQUE_BOUTIQUE","picto":null,"level":3,"sellerId":null,"slug":"gels-bacteriens-et-assainissants","selected":false,"children":null,"prefix":"boutique","layers":"\/navigation\/2538\/layers","link":"\/boutique\/parapharmacie\/1ers-soins\/gels-bacteriens-et-assainissants"},{"name":"Anti moustiques","code":"R14F07SF08","id":"2539","type":"BOUTIQUE_BOUTIQUE","picto":null,"level":3,"sellerId":null,"slug":"anti-moustique","selected":false,"children":null,"prefix":"boutique","layers":"\/navigation\/2539\/layers","link":"\/boutique\/parapharmacie\/1ers-soins\/anti-moustique"}],"prefix":"boutique","layers":"\/navigation\/2531\/layers","link":"\/boutique\/parapharmacie\/1ers-soins"},{"name":"Solaire","code":"R14F08","id":"2559","type":"BOUTIQUE_BOUTIQUE","picto":"https:\/\/media.carrefour.fr\/medias\/cfe480392197331e97b8435829743c9c\/p_96x96\/2559.jpg","level":2,"sellerId":null,"slug":"solaire","selected":false,"children":[{"name":"Cr\u00e8me solaire","code":"R14F08SF01","id":"2560","type":"BOUTIQUE_BOUTIQUE","picto":null,"level":3,"sellerId":null,"slug":"creme-solaire","selected":false,"children":[{"name":"Protection moyenne SPF 30","code":"R14F08SF01SS01","id":"2561","type":"BOUTIQUE_BOUTIQUE","picto":null,"level":4,"sellerId":null,"slug":"protection-moyenne-spf-30","selected":false,"children":null,"prefix":"boutique","layers":"\/navigation\/2561\/layers","link":"\/boutique\/parapharmacie\/solaire\/creme-solaire\/protection-moyenne-spf-30"},{"name":"Protection haute SPF 50 et plus","code":"R14F08SF01SS02","id":"2562","type":"BOUTIQUE_BOUTIQUE","picto":null,"level":4,"sellerId":null,"slug":"protection-haute-spf-50-et","selected":false,"children":null,"prefix":"boutique","layers":"\/navigation\/2562\/layers","link":"\/boutique\/parapharmacie\/solaire\/creme-solaire\/protection-haute-spf-50-et"},{"name":"Protection enfant","code":"R14F08SF01SS03","id":"2563","type":"BOUTIQUE_BOUTIQUE","picto":null,"level":4,"sellerId":null,"slug":"protection-enfant","selected":false,"children":null,"prefix":"boutique","layers":"\/navigation\/2563\/layers","link":"\/boutique\/parapharmacie\/solaire\/creme-solaire\/protection-enfant"},{"name":"Protection faible SPF 20","code":"R14F08SF01SS04","id":"2564","type":"BOUTIQUE_BOUTIQUE","picto":null,"level":4,"sellerId":null,"slug":"protection-faible-spf-20","selected":false,"children":null,"prefix":"boutique","layers":"\/navigation\/2564\/layers","link":"\/boutique\/parapharmacie\/solaire\/creme-solaire\/protection-faible-spf-20"}],"prefix":"boutique","layers":"\/navigation\/2560\/layers","link":"\/boutique\/parapharmacie\/solaire\/creme-solaire"},{"name":"Apr\u00e8s soleil","code":"R14F08SF02","id":"2565","type":"BOUTIQUE_BOUTIQUE","picto":null,"level":3,"sellerId":null,"slug":"apres-soleil","selected":false,"children":null,"prefix":"boutique","layers":"\/navigation\/2565\/layers","link":"\/boutique\/parapharmacie\/solaire\/apres-soleil"},{"name":"Autobronzants et Protection solaire capillaire","code":"R14F08SF03","id":"2566","type":"BOUTIQUE_BOUTIQUE","picto":null,"level":3,"sellerId":null,"slug":"autobronzants-et-protection-solaire-capillaire","selected":false,"children":null,"prefix":"boutique","layers":"\/navigation\/2566\/layers","link":"\/boutique\/parapharmacie\/solaire\/autobronzants-et-protection-solaire-capillaire"}],"prefix":"boutique","layers":"\/navigation\/2559\/layers","link":"\/boutique\/parapharmacie\/solaire"},{"name":"B\u00e9b\u00e9","code":"R14F09","id":"2580","type":"BOUTIQUE_BOUTIQUE","picto":"https:\/\/media.carrefour.fr\/medias\/955aa5de65013f6db745981588cc8d13\/p_96x96\/2580.jpg","level":2,"sellerId":null,"slug":"bebe","selected":false,"children":[{"name":"Futures et jeunes mamans","code":"R14F09SF01","id":"2581","type":"BOUTIQUE_BOUTIQUE","picto":null,"level":3,"sellerId":null,"slug":"futures-et-jeunes-mamans","selected":false,"children":null,"prefix":"boutique","layers":"\/navigation\/2581\/layers","link":"\/boutique\/parapharmacie\/bebe\/futures-et-jeunes-mamans"},{"name":"Biberons, T\u00e9tines, Allaitement et Goupillons","code":"R14F09SF02","id":"2582","type":"BOUTIQUE_BOUTIQUE","picto":null,"level":3,"sellerId":null,"slug":"biberons-tetines-allaitement-et-goupillons","selected":false,"children":null,"prefix":"boutique","layers":"\/navigation\/2582\/layers","link":"\/boutique\/parapharmacie\/bebe\/biberons-tetines-allaitement-et-goupillons"},{"name":"Toilette b\u00e9b\u00e9","code":"R14F09SF03","id":"2583","type":"BOUTIQUE_BOUTIQUE","picto":null,"level":3,"sellerId":null,"slug":"toilette-bebe","selected":false,"children":[{"name":"Soins hydratants et Cr\u00e8mes de change","code":"R14F09SF03SS01","id":"2584","type":"BOUTIQUE_BOUTIQUE","picto":null,"level":4,"sellerId":null,"slug":"soins-hydratants-et-cremes-de-change","selected":false,"children":null,"prefix":"boutique","layers":"\/navigation\/2584\/layers","link":"\/boutique\/parapharmacie\/bebe\/toilette-bebe\/soins-hydratants-et-cremes-de-change"},{"name":"Lingettes et Liniments","code":"R14F09SF03SS02","id":"2585","type":"BOUTIQUE_BOUTIQUE","picto":null,"level":4,"sellerId":null,"slug":"lingettes-et-liniments","selected":false,"children":null,"prefix":"boutique","layers":"\/navigation\/2585\/layers","link":"\/boutique\/parapharmacie\/bebe\/toilette-bebe\/lingettes-et-liniments"},{"name":"Laits de toilette et Parfums","code":"R14F09SF03SS03","id":"2586","type":"BOUTIQUE_BOUTIQUE","picto":null,"level":4,"sellerId":null,"slug":"lait-de-toilette-et-parfums","selected":false,"children":null,"prefix":"boutique","layers":"\/navigation\/2586\/layers","link":"\/boutique\/parapharmacie\/bebe\/toilette-bebe\/lait-de-toilette-et-parfums"},{"name":"Gels lavants et Eaux nettoyantes","code":"R14F09SF03SS04","id":"2587","type":"BOUTIQUE_BOUTIQUE","picto":null,"level":4,"sellerId":null,"slug":"gels-lavants-et-eaux-nettoyantes","selected":false,"children":null,"prefix":"boutique","layers":"\/navigation\/2587\/layers","link":"\/boutique\/parapharmacie\/bebe\/toilette-bebe\/gels-lavants-et-eaux-nettoyantes"},{"name":"S\u00e9rum physiologique et Sprays nasaux","code":"R14F09SF03SS05","id":"2588","type":"BOUTIQUE_BOUTIQUE","picto":null,"level":4,"sellerId":null,"slug":"serum-physiologique-et-sprays-nasaux","selected":false,"children":null,"prefix":"boutique","layers":"\/navigation\/2588\/layers","link":"\/boutique\/parapharmacie\/bebe\/toilette-bebe\/serum-physiologique-et-sprays-nasaux"}],"prefix":"boutique","layers":"\/navigation\/2583\/layers","link":"\/boutique\/parapharmacie\/bebe\/toilette-bebe"}],"prefix":"boutique","layers":"\/navigation\/2580\/layers","link":"\/boutique\/parapharmacie\/bebe"}],"layers":"\/navigation\/2497\/layers","link":"\/boutique\/parapharmacie"},{"name":"Entretien et Nettoyage","code":"R15","id":"2589","type":"RAYON","picto":"https:\/\/media.carrefour.fr\/medias\/4334cdd14c8735afb0f595215f1efe1c\/p_96x96\/2589.jpg","level":1,"sellerId":null,"slug":"entretien-et-nettoyage","selected":false,"children":[{"name":"Lessives et Soin du linge","code":"R15F02","id":"2590","type":"RAYON","picto":"https:\/\/media.carrefour.fr\/medias\/a98098c7e6313e62910786b7438c618e\/p_96x96\/2590.jpg","level":2,"sellerId":null,"slug":"lessives-et-soin-du-linge","selected":false,"children":[{"name":"Soin du linge","code":"R15F02SF01","id":"2597","type":"RAYON","picto":null,"level":3,"sellerId":null,"slug":"soin-du-linge","selected":false,"children":[{"name":"D\u00e9tachants et Anti-d\u00e9coloration","code":"R15F02SF01SS01","id":"2598","type":"RAYON","picto":null,"level":4,"sellerId":null,"slug":"detachants-et-anti-decoloration","selected":false,"children":null,"layers":"\/navigation\/2598\/layers","link":"\/r\/entretien-et-nettoyage\/lessives-et-soin-du-linge\/soin-du-linge\/detachants-et-anti-decoloration"},{"name":"D\u00e9sinfectants et D\u00e9sodorisants","code":"R15F02SF01SS02","id":"2599","type":"RAYON","picto":null,"level":4,"sellerId":null,"slug":"desinfectants-et-desodorisants","selected":false,"children":null,"layers":"\/navigation\/2599\/layers","link":"\/r\/entretien-et-nettoyage\/lessives-et-soin-du-linge\/soin-du-linge\/desinfectants-et-desodorisants"},{"name":"Entretien du lave-linge","code":"R15F02SF01SS03","id":"2600","type":"RAYON","picto":null,"level":4,"sellerId":null,"slug":"entretien-du-lave-linge","selected":false,"children":null,"layers":"\/navigation\/2600\/layers","link":"\/r\/entretien-et-nettoyage\/lessives-et-soin-du-linge\/soin-du-linge\/entretien-du-lave-linge"},{"name":"Aide au repassage","code":"R15F02SF01SS04","id":"2601","type":"RAYON","picto":null,"level":4,"sellerId":null,"slug":"aide-au-repassage","selected":false,"children":null,"layers":"\/navigation\/2601\/layers","link":"\/r\/entretien-et-nettoyage\/lessives-et-soin-du-linge\/soin-du-linge\/aide-au-repassage"},{"name":"Teintures","code":"R15F02SF01SS05","id":"2602","type":"RAYON","picto":null,"level":4,"sellerId":null,"slug":"teintures","selected":false,"children":null,"layers":"\/navigation\/2602\/layers","link":"\/r\/entretien-et-nettoyage\/lessives-et-soin-du-linge\/soin-du-linge\/teintures"}],"layers":"\/navigation\/2597\/layers","link":"\/r\/entretien-et-nettoyage\/lessives-et-soin-du-linge\/soin-du-linge"},{"name":"Lessives","code":"R15F02SF02","id":"2591","type":"RAYON","picto":null,"level":3,"sellerId":null,"slug":"lessives","selected":false,"children":[{"name":"Tablettes et Capsules","code":"R15F02SF02SS01","id":"2592","type":"RAYON","picto":null,"level":4,"sellerId":null,"slug":"tablettes-et-capsules","selected":false,"children":null,"layers":"\/navigation\/2592\/layers","link":"\/r\/entretien-et-nettoyage\/lessives-et-soin-du-linge\/lessives\/tablettes-et-capsules"},{"name":"Liquides","code":"R15F02SF02SS02","id":"2593","type":"RAYON","picto":null,"level":4,"sellerId":null,"slug":"liquides","selected":false,"children":null,"layers":"\/navigation\/2593\/layers","link":"\/r\/entretien-et-nettoyage\/lessives-et-soin-du-linge\/lessives\/liquides"},{"name":"Poudres","code":"R15F02SF02SS03","id":"2594","type":"RAYON","picto":null,"level":4,"sellerId":null,"slug":"poudres","selected":false,"children":null,"layers":"\/navigation\/2594\/layers","link":"\/r\/entretien-et-nettoyage\/lessives-et-soin-du-linge\/lessives\/poudres"},{"name":"Sp\u00e9cifiques","code":"R15F02SF02SS04","id":"2595","type":"RAYON","picto":null,"level":4,"sellerId":null,"slug":"specifiques","selected":false,"children":null,"layers":"\/navigation\/2595\/layers","link":"\/r\/entretien-et-nettoyage\/lessives-et-soin-du-linge\/lessives\/specifiques"}],"layers":"\/navigation\/2591\/layers","link":"\/r\/entretien-et-nettoyage\/lessives-et-soin-du-linge\/lessives"},{"name":"Adoucissants","code":"R15F02SF03","id":"2596","type":"RAYON","picto":null,"level":3,"sellerId":null,"slug":"adoucissants","selected":false,"children":null,"layers":"\/navigation\/2596\/layers","link":"\/r\/entretien-et-nettoyage\/lessives-et-soin-du-linge\/adoucissants"}],"layers":"\/navigation\/2590\/layers","link":"\/r\/entretien-et-nettoyage\/lessives-et-soin-du-linge"},{"name":"Produits nettoyants","code":"R15F03","id":"2603","type":"RAYON","picto":"https:\/\/media.carrefour.fr\/medias\/c58df76611f130a7a4833d2c1a26a98a\/p_96x96\/2603.jpg","level":2,"sellerId":null,"slug":"produits-nettoyants","selected":false,"children":[{"name":"Multi-usages","code":"R15F03SF01","id":"2604","type":"RAYON","picto":null,"level":3,"sellerId":null,"slug":"multi-usages","selected":false,"children":null,"layers":"\/navigation\/2604\/layers","link":"\/r\/entretien-et-nettoyage\/produits-nettoyants\/multi-usages"},{"name":"Lingettes et Plumeaux","code":"R15F03SF02","id":"2605","type":"RAYON","picto":null,"level":3,"sellerId":null,"slug":"lingettes-et-plumeaux","selected":false,"children":null,"layers":"\/navigation\/2605\/layers","link":"\/r\/entretien-et-nettoyage\/produits-nettoyants\/lingettes-et-plumeaux"},{"name":"Cuisine et Salle de bain","code":"R15F03SF03","id":"2606","type":"RAYON","picto":null,"level":3,"sellerId":null,"slug":"cuisine-et-salle-de-bain","selected":false,"children":null,"layers":"\/navigation\/2606\/layers","link":"\/r\/entretien-et-nettoyage\/produits-nettoyants\/cuisine-et-salle-de-bain"},{"name":"Produits WC et Eaux de Javel","code":"R15F03SF04","id":"2607","type":"RAYON","picto":null,"level":3,"sellerId":null,"slug":"produits-wc-et-eaux-de-javel","selected":false,"children":null,"layers":"\/navigation\/2607\/layers","link":"\/r\/entretien-et-nettoyage\/produits-nettoyants\/produits-wc-et-eaux-de-javel"},{"name":"Vitres et Meubles","code":"R15F03SF05","id":"2608","type":"RAYON","picto":null,"level":3,"sellerId":null,"slug":"vitres-et-meubles","selected":false,"children":null,"layers":"\/navigation\/2608\/layers","link":"\/r\/entretien-et-nettoyage\/produits-nettoyants\/vitres-et-meubles"},{"name":"Sols","code":"R15F03SF06","id":"2609","type":"RAYON","picto":null,"level":3,"sellerId":null,"slug":"sols","selected":false,"children":null,"layers":"\/navigation\/2609\/layers","link":"\/r\/entretien-et-nettoyage\/produits-nettoyants\/sols"},{"name":"D\u00e9boucheurs","code":"R15F03SF07","id":"2610","type":"RAYON","picto":null,"level":3,"sellerId":null,"slug":"deboucheurs","selected":false,"children":null,"layers":"\/navigation\/2610\/layers","link":"\/r\/entretien-et-nettoyage\/produits-nettoyants\/deboucheurs"}],"layers":"\/navigation\/2603\/layers","link":"\/r\/entretien-et-nettoyage\/produits-nettoyants"},{"name":"Nettoyants vaisselle","code":"R15F04","id":"2611","type":"RAYON","picto":"https:\/\/media.carrefour.fr\/medias\/7f43c69ca87e3da78cbe1413a1b61902\/p_96x96\/2611.jpg","level":2,"sellerId":null,"slug":"nettoyants-vaisselle","selected":false,"children":[{"name":"Tablettes et Gels de lavage","code":"R15F04SF01","id":"2612","type":"RAYON","picto":null,"level":3,"sellerId":null,"slug":"tablettes-et-gels-de-lavage","selected":false,"children":null,"layers":"\/navigation\/2612\/layers","link":"\/r\/entretien-et-nettoyage\/nettoyants-vaisselle\/tablettes-et-gels-de-lavage"},{"name":"Liquides vaisselle","code":"R15F04SF02","id":"2613","type":"RAYON","picto":null,"level":3,"sellerId":null,"slug":"liquides-vaisselle","selected":false,"children":null,"layers":"\/navigation\/2613\/layers","link":"\/r\/entretien-et-nettoyage\/nettoyants-vaisselle\/liquides-vaisselle"},{"name":"Eponges","code":"R15F04SF03","id":"2614","type":"RAYON","picto":null,"level":3,"sellerId":null,"slug":"eponges","selected":false,"children":null,"layers":"\/navigation\/2614\/layers","link":"\/r\/entretien-et-nettoyage\/nettoyants-vaisselle\/eponges"},{"name":"Entretien lave-vaisselle","code":"R15F04SF04","id":"2615","type":"RAYON","picto":null,"level":3,"sellerId":null,"slug":"entretien-lave-vaisselle","selected":false,"children":null,"layers":"\/navigation\/2615\/layers","link":"\/r\/entretien-et-nettoyage\/nettoyants-vaisselle\/entretien-lave-vaisselle"}],"layers":"\/navigation\/2611\/layers","link":"\/r\/entretien-et-nettoyage\/nettoyants-vaisselle"},{"name":"Essuie-tout, Papier toilette et Mouchoirs","code":"R15F05","id":"2616","type":"RAYON","picto":"https:\/\/media.carrefour.fr\/medias\/981ad72375ae3225b61664470865ad1c\/p_96x96\/2616.jpg","level":2,"sellerId":null,"slug":"essuie-tout-papier-toilette-et-mouchoirs","selected":false,"children":[{"name":"Papier WC","code":"R15F05SF01","id":"2617","type":"RAYON","picto":null,"level":3,"sellerId":null,"slug":"papier-wc","selected":false,"children":null,"layers":"\/navigation\/2617\/layers","link":"\/r\/entretien-et-nettoyage\/essuie-tout-papier-toilette-et-mouchoirs\/papier-wc"},{"name":"Essuie-tout","code":"R15F05SF02","id":"2618","type":"RAYON","picto":null,"level":3,"sellerId":null,"slug":"essuie-tout","selected":false,"children":null,"layers":"\/navigation\/2618\/layers","link":"\/r\/entretien-et-nettoyage\/essuie-tout-papier-toilette-et-mouchoirs\/essuie-tout"},{"name":"Mouchoirs","code":"R15F05SF03","id":"2619","type":"RAYON","picto":null,"level":3,"sellerId":null,"slug":"mouchoirs","selected":false,"children":null,"layers":"\/navigation\/2619\/layers","link":"\/r\/entretien-et-nettoyage\/essuie-tout-papier-toilette-et-mouchoirs\/mouchoirs"}],"layers":"\/navigation\/2616\/layers","link":"\/r\/entretien-et-nettoyage\/essuie-tout-papier-toilette-et-mouchoirs"},{"name":"D\u00e9sodorisants","code":"R15F06","id":"2620","type":"RAYON","picto":"https:\/\/media.carrefour.fr\/medias\/463f90f3e88738af84713abbc010e99c\/p_96x96\/2620.jpg","level":2,"sellerId":null,"slug":"desodorisants","selected":false,"children":null,"layers":"\/navigation\/2620\/layers","link":"\/r\/entretien-et-nettoyage\/desodorisants"},{"name":"Insecticides","code":"R15F07","id":"2621","type":"RAYON","picto":"https:\/\/media.carrefour.fr\/medias\/80a0194ef91e3522acc1f044fa476349\/p_96x96\/2621.jpg","level":2,"sellerId":null,"slug":"insecticides","selected":false,"children":null,"layers":"\/navigation\/2621\/layers","link":"\/r\/entretien-et-nettoyage\/insecticides"},{"name":"Accessoires de m\u00e9nage","code":"R15F08","id":"2622","type":"RAYON","picto":"https:\/\/media.carrefour.fr\/medias\/7f492f3406a9364eb755e9b5f88bedc3\/p_96x96\/2622.jpg","level":2,"sellerId":null,"slug":"accessoires-de-menage","selected":false,"children":[{"name":"Balais, Seaux et Serpill\u00e8res","code":"R15F08SF01","id":"2623","type":"RAYON","picto":null,"level":3,"sellerId":null,"slug":"balais-seaux-serpilleres","selected":false,"children":null,"layers":"\/navigation\/2623\/layers","link":"\/r\/entretien-et-nettoyage\/accessoires-de-menage\/balais-seaux-serpilleres"},{"name":"Gants","code":"R15F08SF02","id":"2624","type":"RAYON","picto":null,"level":3,"sellerId":null,"slug":"gants","selected":false,"children":null,"layers":"\/navigation\/2624\/layers","link":"\/r\/entretien-et-nettoyage\/accessoires-de-menage\/gants"},{"name":"Sacs aspirateur","code":"R15F08SF03","id":"2625","type":"RAYON","picto":null,"level":3,"sellerId":null,"slug":"sacs-aspirateur","selected":false,"children":null,"layers":"\/navigation\/2625\/layers","link":"\/r\/entretien-et-nettoyage\/accessoires-de-menage\/sacs-aspirateur"},{"name":"Sacs poubelle","code":"R15F08SF04","id":"2626","type":"RAYON","picto":null,"level":3,"sellerId":null,"slug":"sacs-poubelle","selected":false,"children":null,"layers":"\/navigation\/2626\/layers","link":"\/r\/entretien-et-nettoyage\/accessoires-de-menage\/sacs-poubelle"}],"layers":"\/navigation\/2622\/layers","link":"\/r\/entretien-et-nettoyage\/accessoires-de-menage"}],"layers":"\/navigation\/2589\/layers","link":"\/r\/entretien-et-nettoyage"},{"name":"Animaux","code":"R16","id":"2627","type":"RAYON","picto":"https:\/\/media.carrefour.fr\/medias\/bdddf56ce03e39c0b46a4e471b82d9ec\/p_96x96\/2627.jpg","level":1,"sellerId":null,"slug":"animaux","selected":false,"children":[{"name":"Chats","code":"R16F02","id":"2628","type":"RAYON","picto":"https:\/\/media.carrefour.fr\/medias\/1315956b8fa23940b9f27dc576e255c1\/p_96x96\/2628.jpg","level":2,"sellerId":null,"slug":"chats","selected":false,"children":[{"name":"Sachets repas","code":"R16F02SF01","id":"2629","type":"RAYON","picto":null,"level":3,"sellerId":null,"slug":"sachets-repas","selected":false,"children":null,"layers":"\/navigation\/2629\/layers","link":"\/r\/animaux\/chats\/sachets-repas"},{"name":"Bo\u00eetes et barquettes chats","code":"R16F02SF02","id":"2630","type":"RAYON","picto":null,"level":3,"sellerId":null,"slug":"boites-et-barquettes-chats","selected":false,"children":null,"layers":"\/navigation\/2630\/layers","link":"\/r\/animaux\/chats\/boites-et-barquettes-chats"},{"name":"Croquettes chats","code":"R16F02SF03","id":"2631","type":"RAYON","picto":null,"level":3,"sellerId":null,"slug":"croquettes-chats","selected":false,"children":null,"layers":"\/navigation\/2631\/layers","link":"\/r\/animaux\/chats\/croquettes-chats"},{"name":"Friandises et laits","code":"R16F02SF04","id":"2632","type":"RAYON","picto":null,"level":3,"sellerId":null,"slug":"friandises-et-laits","selected":false,"children":null,"layers":"\/navigation\/2632\/layers","link":"\/r\/animaux\/chats\/friandises-et-laits"},{"name":"Liti\u00e8re et accessoires","code":"R16F02SF05","id":"2633","type":"RAYON","picto":null,"level":3,"sellerId":null,"slug":"litiere-et-accessoires","selected":false,"children":null,"layers":"\/navigation\/2633\/layers","link":"\/r\/animaux\/chats\/litiere-et-accessoires"}],"layers":"\/navigation\/2628\/layers","link":"\/r\/animaux\/chats"},{"name":"Chiens","code":"R16F03","id":"2634","type":"RAYON","picto":"https:\/\/media.carrefour.fr\/medias\/322f9bdc092432c1870b533ea9c7b6ad\/p_96x96\/2634.jpg","level":2,"sellerId":null,"slug":"chiens","selected":false,"children":[{"name":"R\u00e9compenses et hygi\u00e8ne dentaire","code":"R16F03SF01","id":"2635","type":"RAYON","picto":null,"level":3,"sellerId":null,"slug":"recompenses-et-hygiene-dentaire","selected":false,"children":null,"layers":"\/navigation\/2635\/layers","link":"\/r\/animaux\/chiens\/recompenses-et-hygiene-dentaire"},{"name":"Bo\u00eetes et barquettes chiens","code":"R16F03SF02","id":"2636","type":"RAYON","picto":null,"level":3,"sellerId":null,"slug":"boites-et-barquettes-chiens","selected":false,"children":null,"layers":"\/navigation\/2636\/layers","link":"\/r\/animaux\/chiens\/boites-et-barquettes-chiens"},{"name":"Croquettes chiens","code":"R16F03SF03","id":"2637","type":"RAYON","picto":null,"level":3,"sellerId":null,"slug":"croquettes-chiens","selected":false,"children":null,"layers":"\/navigation\/2637\/layers","link":"\/r\/animaux\/chiens\/croquettes-chiens"},{"name":"Hygi\u00e8ne, soins et accessoires","code":"R16F03SF04","id":"2638","type":"RAYON","picto":null,"level":3,"sellerId":null,"slug":"hygiene-soins-et-accessoires","selected":false,"children":null,"layers":"\/navigation\/2638\/layers","link":"\/r\/animaux\/chiens\/hygiene-soins-et-accessoires"}],"layers":"\/navigation\/2634\/layers","link":"\/r\/animaux\/chiens"},{"name":"Autres animaux","code":"R16F04","id":"2639","type":"RAYON","picto":"https:\/\/media.carrefour.fr\/medias\/10282e5b9fcc347487b4f1f4e5dd8473\/p_96x96\/2639.jpg","level":2,"sellerId":null,"slug":"autres-animaux","selected":false,"children":[{"name":"Oiseaux et poules","code":"R16F04SF01","id":"2640","type":"RAYON","picto":null,"level":3,"sellerId":null,"slug":"oiseaux-et-poules","selected":false,"children":null,"layers":"\/navigation\/2640\/layers","link":"\/r\/animaux\/autres-animaux\/oiseaux-et-poules"},{"name":"Poissons, rongeurs et autres","code":"R16F04SF02","id":"2641","type":"RAYON","picto":null,"level":3,"sellerId":null,"slug":"poissons-rongeurs-et-autres","selected":false,"children":null,"layers":"\/navigation\/2641\/layers","link":"\/r\/animaux\/autres-animaux\/poissons-rongeurs-et-autres"}],"layers":"\/navigation\/2639\/layers","link":"\/r\/animaux\/autres-animaux"}],"layers":"\/navigation\/2627\/layers","link":"\/r\/animaux"},{"name":"Electrom\u00e9nager","code":"R17","id":"26016","type":"RAYON","picto":"https:\/\/media.carrefour.fr\/medias\/c17c67e5f52932fe934e3d7d3dc42e33\/p_96x96\/26016.jpg","level":1,"sellerId":null,"slug":"electromenager","selected":false,"children":[{"name":"Soin du linge","code":"R17F01","id":"26032","type":"RAYON","picto":null,"level":2,"sellerId":null,"slug":"soin-linge","selected":false,"children":[{"name":"Fers \u00e0 repasser","code":"R17F01SF01","id":"26205","type":"RAYON","picto":null,"level":3,"sellerId":null,"slug":"fers-a-repasser","selected":false,"children":null,"layers":"\/navigation\/26205\/layers","link":"\/r\/electromenager\/soin-linge\/fers-a-repasser"},{"name":"Centrales vapeur","code":"R17F01SF02","id":"26206","type":"RAYON","picto":null,"level":3,"sellerId":null,"slug":"centrales-vapeur","selected":false,"children":null,"layers":"\/navigation\/26206\/layers","link":"\/r\/electromenager\/soin-linge\/centrales-vapeur"},{"name":"D\u00e9froisseurs","code":"R17F01SF03","id":"26208","type":"RAYON","picto":null,"level":3,"sellerId":null,"slug":"defroisseurs","selected":false,"children":null,"layers":"\/navigation\/26208\/layers","link":"\/r\/electromenager\/soin-linge\/defroisseurs"},{"name":"Machines \u00e0 coudre","code":"R17F01SF04","id":"26210","type":"RAYON","picto":null,"level":3,"sellerId":null,"slug":"machines-a-coudre","selected":false,"children":null,"layers":"\/navigation\/26210\/layers","link":"\/r\/electromenager\/soin-linge\/machines-a-coudre"}],"layers":"\/navigation\/26032\/layers","link":"\/r\/electromenager\/soin-linge"},{"name":"Cuisson et Robots","code":"R17F02","id":"26027","type":"RAYON","picto":null,"level":2,"sellerId":null,"slug":"cuisson-robot","selected":false,"children":[{"name":"Cuisson conviviale","code":"R17F02SF01","id":"26169","type":"RAYON","picto":null,"level":3,"sellerId":null,"slug":"cuisson-conviviale","selected":false,"children":[{"name":"Appareils \u00e0 raclette","code":"R17F02SF01SS01","id":"26439","type":"RAYON","picto":null,"level":4,"sellerId":null,"slug":"appareils-a-raclette","selected":false,"children":null,"layers":"\/navigation\/26439\/layers","link":"\/r\/electromenager\/cuisson-robot\/cuisson-conviviale\/appareils-a-raclette"},{"name":"Appareils \u00e0 fondue","code":"R17F02SF01SS02","id":"26440","type":"RAYON","picto":null,"level":4,"sellerId":null,"slug":"appareils-a-fondue","selected":false,"children":null,"layers":"\/navigation\/26440\/layers","link":"\/r\/electromenager\/cuisson-robot\/cuisson-conviviale\/appareils-a-fondue"},{"name":"Cr\u00e9pi\u00e8res","code":"R17F02SF01SS03","id":"26441","type":"RAYON","picto":null,"level":4,"sellerId":null,"slug":"crepieres","selected":false,"children":null,"layers":"\/navigation\/26441\/layers","link":"\/r\/electromenager\/cuisson-robot\/cuisson-conviviale\/crepieres"},{"name":"Gaufriers","code":"R17F02SF01SS04","id":"26443","type":"RAYON","picto":null,"level":4,"sellerId":null,"slug":"gaufriers","selected":false,"children":null,"layers":"\/navigation\/26443\/layers","link":"\/r\/electromenager\/cuisson-robot\/cuisson-conviviale\/gaufriers"},{"name":"Planchas","code":"R17F02SF01SS05","id":"26444","type":"RAYON","picto":null,"level":4,"sellerId":null,"slug":"planchas","selected":false,"children":null,"layers":"\/navigation\/26444\/layers","link":"\/r\/electromenager\/cuisson-robot\/cuisson-conviviale\/planchas"},{"name":"Sorbeti\u00e8res, Yaourti\u00e8res","code":"R17F02SF01SS06","id":"26890","type":"RAYON","picto":null,"level":4,"sellerId":null,"slug":"sorbetieres-yaourtieres","selected":false,"children":null,"layers":"\/navigation\/26890\/layers","link":"\/r\/electromenager\/cuisson-robot\/cuisson-conviviale\/sorbetieres-yaourtieres"},{"name":"Autres Appareils","code":"R17F02SF01SS07","id":"26896","type":"RAYON","picto":null,"level":4,"sellerId":null,"slug":"autres-appareils","selected":false,"children":null,"layers":"\/navigation\/26896\/layers","link":"\/r\/electromenager\/cuisson-robot\/cuisson-conviviale\/autres-appareils"}],"layers":"\/navigation\/26169\/layers","link":"\/r\/electromenager\/cuisson-robot\/cuisson-conviviale"},{"name":"Robots de cuisine","code":"R17F02SF02","id":"26164","type":"RAYON","picto":null,"level":3,"sellerId":null,"slug":"robots-cuisine","selected":false,"children":[{"name":"Robots p\u00e2tissier","code":"R17F02SF02SS01","id":"26429","type":"RAYON","picto":null,"level":4,"sellerId":null,"slug":"robots-patissier","selected":false,"children":null,"layers":"\/navigation\/26429\/layers","link":"\/r\/electromenager\/cuisson-robot\/robots-cuisine\/robots-patissier"},{"name":"Robots multifonction","code":"R17F02SF02SS03","id":"26431","type":"RAYON","picto":null,"level":4,"sellerId":null,"slug":"robots-multifonction","selected":false,"children":null,"layers":"\/navigation\/26431\/layers","link":"\/r\/electromenager\/cuisson-robot\/robots-cuisine\/robots-multifonction"},{"name":"Blenders","code":"R17F02SF02SS04","id":"26432","type":"RAYON","picto":null,"level":4,"sellerId":null,"slug":"blenders","selected":false,"children":null,"layers":"\/navigation\/26432\/layers","link":"\/r\/electromenager\/cuisson-robot\/robots-cuisine\/blenders"}],"layers":"\/navigation\/26164\/layers","link":"\/r\/electromenager\/cuisson-robot\/robots-cuisine"},{"name":"Cuiseurs et Multicuiseurs","code":"R17F02SF03","id":"26167","type":"RAYON","picto":null,"level":3,"sellerId":null,"slug":"cuiseurs-multicuiseurs","selected":false,"children":[{"name":"Cuiseurs \u00e0 vapeur","code":"R17F02SF03SS01","id":"26433","type":"RAYON","picto":null,"level":4,"sellerId":null,"slug":"cuiseurs-a-vapeur","selected":false,"children":null,"layers":"\/navigation\/26433\/layers","link":"\/r\/electromenager\/cuisson-robot\/cuiseurs-multicuiseurs\/cuiseurs-a-vapeur"},{"name":"Cuiseurs \u00e0 riz","code":"R17F02SF03SS02","id":"26434","type":"RAYON","picto":null,"level":4,"sellerId":null,"slug":"cuiseurs-a-riz","selected":false,"children":null,"layers":"\/navigation\/26434\/layers","link":"\/r\/electromenager\/cuisson-robot\/cuiseurs-multicuiseurs\/cuiseurs-a-riz"},{"name":"Multicuiseurs et Mijoteurs","code":"R17F02SF03SS03","id":"26435","type":"RAYON","picto":null,"level":4,"sellerId":null,"slug":"multicuiseurs-mijoteurs","selected":false,"children":null,"layers":"\/navigation\/26435\/layers","link":"\/r\/electromenager\/cuisson-robot\/cuiseurs-multicuiseurs\/multicuiseurs-mijoteurs"},{"name":"Friteuses","code":"R17F02SF03SS04","id":"26436","type":"RAYON","picto":null,"level":4,"sellerId":null,"slug":"friteuses","selected":false,"children":null,"layers":"\/navigation\/26436\/layers","link":"\/r\/electromenager\/cuisson-robot\/cuiseurs-multicuiseurs\/friteuses"},{"name":"Autocuiseurs","code":"R17F02SF03SS05","id":"26437","type":"RAYON","picto":null,"level":4,"sellerId":null,"slug":"autocuiseurs","selected":false,"children":null,"layers":"\/navigation\/26437\/layers","link":"\/r\/electromenager\/cuisson-robot\/cuiseurs-multicuiseurs\/autocuiseurs"}],"layers":"\/navigation\/26167\/layers","link":"\/r\/electromenager\/cuisson-robot\/cuiseurs-multicuiseurs"},{"name":"Mixeurs","code":"R17F02SF04","id":"26171","type":"RAYON","picto":null,"level":3,"sellerId":null,"slug":"mixeurs","selected":false,"children":null,"layers":"\/navigation\/26171\/layers","link":"\/r\/electromenager\/cuisson-robot\/mixeurs"},{"name":"Batteurs","code":"R17F02SF05","id":"26173","type":"RAYON","picto":null,"level":3,"sellerId":null,"slug":"batteurs","selected":false,"children":null,"layers":"\/navigation\/26173\/layers","link":"\/r\/electromenager\/cuisson-robot\/batteurs"},{"name":"Micro-ondes","code":"R17F02SF06","id":"26159","type":"RAYON","picto":null,"level":3,"sellerId":null,"slug":"micro-ondes","selected":false,"children":[{"name":"Micro-ondes combin\u00e9s","code":"R17F02SF06SS01","id":"26422","type":"RAYON","picto":null,"level":4,"sellerId":null,"slug":"micro-ondes-combines","selected":false,"children":null,"layers":"\/navigation\/26422\/layers","link":"\/r\/electromenager\/cuisson-robot\/micro-ondes\/micro-ondes-combines"},{"name":"Micro-ondes grill","code":"R17F02SF06SS02","id":"26423","type":"RAYON","picto":null,"level":4,"sellerId":null,"slug":"micro-ondes-grill","selected":false,"children":null,"layers":"\/navigation\/26423\/layers","link":"\/r\/electromenager\/cuisson-robot\/micro-ondes\/micro-ondes-grill"}],"layers":"\/navigation\/26159\/layers","link":"\/r\/electromenager\/cuisson-robot\/micro-ondes"},{"name":"Fours","code":"R17F02SF08","id":"26158","type":"RAYON","picto":null,"level":3,"sellerId":null,"slug":"fours","selected":false,"children":[{"name":"Mini fours","code":"R17F02SF08SS03","id":"26421","type":"RAYON","picto":null,"level":4,"sellerId":null,"slug":"mini-fours","selected":false,"children":null,"layers":"\/navigation\/26421\/layers","link":"\/r\/electromenager\/cuisson-robot\/fours\/mini-fours"}],"layers":"\/navigation\/26158\/layers","link":"\/r\/electromenager\/cuisson-robot\/fours"},{"name":"Plaques de cuisson","code":"R17F02SF09","id":"26161","type":"RAYON","picto":null,"level":3,"sellerId":null,"slug":"plaques-cuisson","selected":false,"children":[{"name":"Plaques induction ","code":"R17F02SF09SS01","id":"26425","type":"RAYON","picto":null,"level":4,"sellerId":null,"slug":"plaque-induction","selected":false,"children":null,"layers":"\/navigation\/26425\/layers","link":"\/r\/electromenager\/cuisson-robot\/plaques-cuisson\/plaque-induction"},{"name":"Plaques vitroc\u00e9ramique","code":"R17F02SF09SS02","id":"26426","type":"RAYON","picto":null,"level":4,"sellerId":null,"slug":"plaques-vitroceramique","selected":false,"children":null,"layers":"\/navigation\/26426\/layers","link":"\/r\/electromenager\/cuisson-robot\/plaques-cuisson\/plaques-vitroceramique"},{"name":"R\u00e9chauds et R\u00e9chauds gaz","code":"R17F02SF09SS05","id":"26865","type":"RAYON","picto":null,"level":4,"sellerId":null,"slug":"rechauds","selected":false,"children":null,"layers":"\/navigation\/26865\/layers","link":"\/r\/electromenager\/cuisson-robot\/plaques-cuisson\/rechauds"}],"layers":"\/navigation\/26161\/layers","link":"\/r\/electromenager\/cuisson-robot\/plaques-cuisson"},{"name":"Accessoires pour appareils de cuisson","code":"R17F02SF11","id":"26943","type":"RAYON","picto":null,"level":3,"sellerId":null,"slug":"accessoires-appareils-de-cuisson","selected":false,"children":null,"layers":"\/navigation\/26943\/layers","link":"\/r\/electromenager\/cuisson-robot\/accessoires-appareils-de-cuisson"}],"layers":"\/navigation\/26027\/layers","link":"\/r\/electromenager\/cuisson-robot"},{"name":"Chauffage et Climatisation","code":"R17F03","id":"26038","type":"RAYON","picto":null,"level":2,"sellerId":null,"slug":"chauffage-climatisation","selected":false,"children":[{"name":"Chauffage","code":"R17F03SF01","id":"26238","type":"RAYON","picto":null,"level":3,"sellerId":null,"slug":"chauffage","selected":false,"children":null,"layers":"\/navigation\/26238\/layers","link":"\/r\/electromenager\/chauffage-climatisation\/chauffage"},{"name":"Radiateurs","code":"R17F03SF02","id":"26246","type":"RAYON","picto":null,"level":3,"sellerId":null,"slug":"radiateurs","selected":false,"children":null,"layers":"\/navigation\/26246\/layers","link":"\/r\/electromenager\/chauffage-climatisation\/radiateurs"},{"name":"Po\u00eales \u00e0 bois et Chemin\u00e9es","code":"R17F03SF03","id":"26248","type":"RAYON","picto":null,"level":3,"sellerId":null,"slug":"poeles-a-bois-cheminees","selected":false,"children":null,"layers":"\/navigation\/26248\/layers","link":"\/r\/electromenager\/chauffage-climatisation\/poeles-a-bois-cheminees"},{"name":"Po\u00eales \u00e0 p\u00e9trole et gaz","code":"R17F03SF04","id":"26250","type":"RAYON","picto":null,"level":3,"sellerId":null,"slug":"poeles-a-petrole-gaz","selected":false,"children":null,"layers":"\/navigation\/26250\/layers","link":"\/r\/electromenager\/chauffage-climatisation\/poeles-a-petrole-gaz"},{"name":"Combustibles","code":"R17F03SF06","id":"26244","type":"RAYON","picto":null,"level":3,"sellerId":null,"slug":"combustibles","selected":false,"children":null,"layers":"\/navigation\/26244\/layers","link":"\/r\/electromenager\/chauffage-climatisation\/combustibles"},{"name":"Traitement de l'air","code":"R17F03SF07","id":"26255","type":"RAYON","picto":null,"level":3,"sellerId":null,"slug":"traitement-air","selected":false,"children":null,"layers":"\/navigation\/26255\/layers","link":"\/r\/electromenager\/chauffage-climatisation\/traitement-air"},{"name":"Ventilateurs","code":"R17F03SF08","id":"26240","type":"RAYON","picto":null,"level":3,"sellerId":null,"slug":"ventilateurs","selected":false,"children":null,"layers":"\/navigation\/26240\/layers","link":"\/r\/electromenager\/chauffage-climatisation\/ventilateurs"},{"name":"Climatiseurs et Rafraichisseurs","code":"R17F03SF09","id":"26242","type":"RAYON","picto":null,"level":3,"sellerId":null,"slug":"climatiseurs-rafraichisseurs","selected":false,"children":null,"layers":"\/navigation\/26242\/layers","link":"\/r\/electromenager\/chauffage-climatisation\/climatiseurs-rafraichisseurs"}],"layers":"\/navigation\/26038\/layers","link":"\/r\/electromenager\/chauffage-climatisation"},{"name":"R\u00e9frig\u00e9rateurs et Cong\u00e9lateurs","code":"R17F05","id":"26026","type":"RAYON","picto":null,"level":2,"sellerId":null,"slug":"refrigerateur-congelateur","selected":false,"children":[{"name":"R\u00e9frig\u00e9rateurs","code":"R17F05SF01","id":"26156","type":"RAYON","picto":null,"level":3,"sellerId":null,"slug":"refrigerateurs","selected":false,"children":[{"name":"R\u00e9frig\u00e9rateurs cong\u00e9lateurs","code":"R17F05SF01SS01","id":"26314","type":"RAYON","picto":null,"level":4,"sellerId":null,"slug":"refrigerateurs-congelateurs","selected":false,"children":null,"layers":"\/navigation\/26314\/layers","link":"\/r\/electromenager\/refrigerateur-congelateur\/refrigerateurs\/refrigerateurs-congelateurs"}],"layers":"\/navigation\/26156\/layers","link":"\/r\/electromenager\/refrigerateur-congelateur\/refrigerateurs"}],"layers":"\/navigation\/26026\/layers","link":"\/r\/electromenager\/refrigerateur-congelateur"},{"name":"Petit d\u00e9jeuner","code":"R17F06","id":"26028","type":"RAYON","picto":null,"level":2,"sellerId":null,"slug":"petit-dejeuner","selected":false,"children":[{"name":"Cafeti\u00e8res et Expresso","code":"R17F06SF01","id":"26180","type":"RAYON","picto":null,"level":3,"sellerId":null,"slug":"cafetieres-expresso","selected":false,"children":[{"name":"Cafeti\u00e8res Senseo ","code":"R17F06SF01SS01","id":"26456","type":"RAYON","picto":null,"level":4,"sellerId":null,"slug":"cafetieres-senseo","selected":false,"children":null,"layers":"\/navigation\/26456\/layers","link":"\/r\/electromenager\/petit-dejeuner\/cafetieres-expresso\/cafetieres-senseo"},{"name":"Cafeti\u00e8res Dolce Gusto ","code":"R17F06SF01SS02","id":"26457","type":"RAYON","picto":null,"level":4,"sellerId":null,"slug":"cafetieres-dolce-gusto-","selected":false,"children":null,"layers":"\/navigation\/26457\/layers","link":"\/r\/electromenager\/petit-dejeuner\/cafetieres-expresso\/cafetieres-dolce-gusto-"},{"name":"Cafeti\u00e8res Tassimo ","code":"R17F06SF01SS03","id":"26458","type":"RAYON","picto":null,"level":4,"sellerId":null,"slug":"cafetiere-tassimo","selected":false,"children":null,"layers":"\/navigation\/26458\/layers","link":"\/r\/electromenager\/petit-dejeuner\/cafetieres-expresso\/cafetiere-tassimo"},{"name":"Autres cafeti\u00e8res","code":"R17F06SF01SS05","id":"26461","type":"RAYON","picto":null,"level":4,"sellerId":null,"slug":"autres-cafetieres","selected":false,"children":null,"layers":"\/navigation\/26461\/layers","link":"\/r\/electromenager\/petit-dejeuner\/cafetieres-expresso\/autres-cafetieres"},{"name":"Accessoires cafeti\u00e8res","code":"R17F06SF01SS06","id":"26944","type":"RAYON","picto":null,"level":4,"sellerId":null,"slug":"accessoires-cafetieres","selected":false,"children":null,"layers":"\/navigation\/26944\/layers","link":"\/r\/electromenager\/petit-dejeuner\/cafetieres-expresso\/accessoires-cafetieres"}],"layers":"\/navigation\/26180\/layers","link":"\/r\/electromenager\/petit-dejeuner\/cafetieres-expresso"},{"name":"Bouilloires","code":"R17F06SF02","id":"26182","type":"RAYON","picto":null,"level":3,"sellerId":null,"slug":"bouilloires","selected":false,"children":null,"layers":"\/navigation\/26182\/layers","link":"\/r\/electromenager\/petit-dejeuner\/bouilloires"},{"name":"Grille-pains","code":"R17F06SF03","id":"26185","type":"RAYON","picto":null,"level":3,"sellerId":null,"slug":"grille-pains","selected":false,"children":null,"layers":"\/navigation\/26185\/layers","link":"\/r\/electromenager\/petit-dejeuner\/grille-pains"},{"name":"Extracteurs de jus et Presse-agrumes","code":"R17F06SF04","id":"26187","type":"RAYON","picto":null,"level":3,"sellerId":null,"slug":"extracteurs-de-jus","selected":false,"children":null,"layers":"\/navigation\/26187\/layers","link":"\/r\/electromenager\/petit-dejeuner\/extracteurs-de-jus"}],"layers":"\/navigation\/26028\/layers","link":"\/r\/electromenager\/petit-dejeuner"},{"name":"Boisson","code":"R17F07","id":"26031","type":"RAYON","picto":null,"level":2,"sellerId":null,"slug":"boisson","selected":false,"children":[{"name":"Th\u00e9i\u00e8res","code":"R17F07SF01","id":"26190","type":"RAYON","picto":null,"level":3,"sellerId":null,"slug":"theieres","selected":false,"children":null,"layers":"\/navigation\/26190\/layers","link":"\/r\/electromenager\/boisson\/theieres"},{"name":"Centrifugeuses","code":"R17F07SF02","id":"26192","type":"RAYON","picto":null,"level":3,"sellerId":null,"slug":"centrifugeuses","selected":false,"children":null,"layers":"\/navigation\/26192\/layers","link":"\/r\/electromenager\/boisson\/centrifugeuses"},{"name":"Machines \u00e0 soda et Cartouches","code":"R17F07SF03","id":"26195","type":"RAYON","picto":null,"level":3,"sellerId":null,"slug":"machines-a-soda-cartouches","selected":false,"children":null,"layers":"\/navigation\/26195\/layers","link":"\/r\/electromenager\/boisson\/machines-a-soda-cartouches"},{"name":"Carafes filtrantes et Filtres","code":"R17F07SF04","id":"26198","type":"RAYON","picto":null,"level":3,"sellerId":null,"slug":"carafes-filtrantes-filtres","selected":false,"children":null,"layers":"\/navigation\/26198\/layers","link":"\/r\/electromenager\/boisson\/carafes-filtrantes-filtres"},{"name":"Machines \u00e0 gla\u00e7ons","code":"R17F07SF05","id":"26200","type":"RAYON","picto":null,"level":3,"sellerId":null,"slug":"machines-a-glacons","selected":false,"children":null,"layers":"\/navigation\/26200\/layers","link":"\/r\/electromenager\/boisson\/machines-a-glacons"},{"name":"Pompes et Tireuses \u00e0 bi\u00e8re","code":"R17F07SF06","id":"26202","type":"RAYON","picto":null,"level":3,"sellerId":null,"slug":"pompes-tireuses-a-biere","selected":false,"children":null,"layers":"\/navigation\/26202\/layers","link":"\/r\/electromenager\/boisson\/pompes-tireuses-a-biere"}],"layers":"\/navigation\/26031\/layers","link":"\/r\/electromenager\/boisson"},{"name":"Entretien du sol","code":"R17F08","id":"26033","type":"RAYON","picto":null,"level":2,"sellerId":null,"slug":"entretien-sol","selected":false,"children":[{"name":"Aspirateurs balai","code":"R17F08SF01","id":"26212","type":"RAYON","picto":null,"level":3,"sellerId":null,"slug":"aspirateurs-balai","selected":false,"children":null,"layers":"\/navigation\/26212\/layers","link":"\/r\/electromenager\/entretien-sol\/aspirateurs-balai"},{"name":"Aspirateurs robot","code":"R17F08SF02","id":"26214","type":"RAYON","picto":null,"level":3,"sellerId":null,"slug":"aspirateurs-robot","selected":false,"children":null,"layers":"\/navigation\/26214\/layers","link":"\/r\/electromenager\/entretien-sol\/aspirateurs-robot"},{"name":"Aspirateurs traineau ","code":"R17F08SF03","id":"26216","type":"RAYON","picto":null,"level":3,"sellerId":null,"slug":"aspirateurs-traineau","selected":false,"children":null,"layers":"\/navigation\/26216\/layers","link":"\/r\/electromenager\/entretien-sol\/aspirateurs-traineau"},{"name":"Nettoyeurs vapeur","code":"R17F08SF04","id":"26218","type":"RAYON","picto":null,"level":3,"sellerId":null,"slug":"nettoyeurs-vapeur","selected":false,"children":null,"layers":"\/navigation\/26218\/layers","link":"\/r\/electromenager\/entretien-sol\/nettoyeurs-vapeur"},{"name":"Aspirateurs \u00e0 main","code":"R17F08SF05","id":"26942","type":"RAYON","picto":null,"level":3,"sellerId":null,"slug":"aspirateur-a-main","selected":false,"children":null,"layers":"\/navigation\/26942\/layers","link":"\/r\/electromenager\/entretien-sol\/aspirateur-a-main"},{"name":"Accessoires d'aspirateur","code":"R17F08SF06","id":"26219","type":"RAYON","picto":null,"level":3,"sellerId":null,"slug":"accessoires-aspirateur","selected":false,"children":null,"layers":"\/navigation\/26219\/layers","link":"\/r\/electromenager\/entretien-sol\/accessoires-aspirateur"}],"layers":"\/navigation\/26033\/layers","link":"\/r\/electromenager\/entretien-sol"},{"name":"Hygi\u00e8ne et Beaut\u00e9","code":"R17F09","id":"26036","type":"RAYON","picto":null,"level":2,"sellerId":null,"slug":"hygiene-beaute","selected":false,"children":[{"name":"Epilation ","code":"R17F09SF01","id":"26224","type":"RAYON","picto":null,"level":3,"sellerId":null,"slug":"epilation","selected":false,"children":[{"name":"Epilateurs \u00e0 lumi\u00e8re puls\u00e9e ","code":"R17F09SF01SS02","id":"26472","type":"RAYON","picto":null,"level":4,"sellerId":null,"slug":"epilateurs-lumiere-pulsee","selected":false,"children":null,"layers":"\/navigation\/26472\/layers","link":"\/r\/electromenager\/hygiene-beaute\/epilation\/epilateurs-lumiere-pulsee"},{"name":"Epilateurs \u00e9lectriques","code":"R17F09SF01SS03","id":"26902","type":"RAYON","picto":null,"level":4,"sellerId":null,"slug":"epilateurs-electriques","selected":false,"children":null,"layers":"\/navigation\/26902\/layers","link":"\/r\/electromenager\/hygiene-beaute\/epilation\/epilateurs-electriques"},{"name":"Accessoires Epilation","code":"R17F09SF01SS04","id":"26941","type":"RAYON","picto":null,"level":4,"sellerId":null,"slug":"accessoires-epilation","selected":false,"children":null,"layers":"\/navigation\/26941\/layers","link":"\/r\/electromenager\/hygiene-beaute\/epilation\/accessoires-epilation"}],"layers":"\/navigation\/26224\/layers","link":"\/r\/electromenager\/hygiene-beaute\/epilation"},{"name":"Rasoirs","code":"R17F09SF02","id":"26226","type":"RAYON","picto":null,"level":3,"sellerId":null,"slug":"rasoirs","selected":false,"children":[{"name":"Rasoirs pour femme","code":"R17F09SF02SS01","id":"26473","type":"RAYON","picto":null,"level":4,"sellerId":null,"slug":"rasoirs-pour-femme","selected":false,"children":null,"layers":"\/navigation\/26473\/layers","link":"\/r\/electromenager\/hygiene-beaute\/rasoirs\/rasoirs-pour-femme"},{"name":"Rasoirs pour homme","code":"R17F09SF02SS02","id":"26474","type":"RAYON","picto":null,"level":4,"sellerId":null,"slug":"rasoirs-pour-homme","selected":false,"children":null,"layers":"\/navigation\/26474\/layers","link":"\/r\/electromenager\/hygiene-beaute\/rasoirs\/rasoirs-pour-homme"}],"layers":"\/navigation\/26226\/layers","link":"\/r\/electromenager\/hygiene-beaute\/rasoirs"},{"name":"Tondeuses","code":"R17F09SF03","id":"26228","type":"RAYON","picto":null,"level":3,"sellerId":null,"slug":"tondeuses","selected":false,"children":[{"name":"Tondeuses pour la barbe ","code":"R17F09SF03SS01","id":"26475","type":"RAYON","picto":null,"level":4,"sellerId":null,"slug":"tondeuses-barbe","selected":false,"children":null,"layers":"\/navigation\/26475\/layers","link":"\/r\/electromenager\/hygiene-beaute\/tondeuses\/tondeuses-barbe"},{"name":"Tondeuses pour le nez et les oreilles","code":"R17F09SF03SS02","id":"26857","type":"RAYON","picto":null,"level":4,"sellerId":null,"slug":"tondeuses-nez-oreilles","selected":false,"children":null,"layers":"\/navigation\/26857\/layers","link":"\/r\/electromenager\/hygiene-beaute\/tondeuses\/tondeuses-nez-oreilles"},{"name":"Tondeuses pour le corps ","code":"R17F09SF03SS03","id":"26476","type":"RAYON","picto":null,"level":4,"sellerId":null,"slug":"tondeuses-corps","selected":false,"children":null,"layers":"\/navigation\/26476\/layers","link":"\/r\/electromenager\/hygiene-beaute\/tondeuses\/tondeuses-corps"},{"name":"Tondeuses multifonctions","code":"R17F09SF03SS04","id":"26477","type":"RAYON","picto":null,"level":4,"sellerId":null,"slug":"tondeuses-multifonctions","selected":false,"children":null,"layers":"\/navigation\/26477\/layers","link":"\/r\/electromenager\/hygiene-beaute\/tondeuses\/tondeuses-multifonctions"},{"name":"Accessoires de tondeuse","code":"R17F09SF03SS05","id":"26478","type":"RAYON","picto":null,"level":4,"sellerId":null,"slug":"accessoires-tondeuse","selected":false,"children":null,"layers":"\/navigation\/26478\/layers","link":"\/r\/electromenager\/hygiene-beaute\/tondeuses\/accessoires-tondeuse"}],"layers":"\/navigation\/26228\/layers","link":"\/r\/electromenager\/hygiene-beaute\/tondeuses"},{"name":"Coiffure","code":"R17F09SF04","id":"26230","type":"RAYON","picto":null,"level":3,"sellerId":null,"slug":"coiffure","selected":false,"children":[{"name":"S\u00e8che-cheveux ","code":"R17F09SF04SS01","id":"26479","type":"RAYON","picto":null,"level":4,"sellerId":null,"slug":"seche-cheveux","selected":false,"children":null,"layers":"\/navigation\/26479\/layers","link":"\/r\/electromenager\/hygiene-beaute\/coiffure\/seche-cheveux"},{"name":"Lisseurs","code":"R17F09SF04SS02","id":"26480","type":"RAYON","picto":null,"level":4,"sellerId":null,"slug":"lisseurs","selected":false,"children":null,"layers":"\/navigation\/26480\/layers","link":"\/r\/electromenager\/hygiene-beaute\/coiffure\/lisseurs"},{"name":"Fers \u00e0 boucler","code":"R17F09SF04SS03","id":"26481","type":"RAYON","picto":null,"level":4,"sellerId":null,"slug":"fers-a-boucler","selected":false,"children":null,"layers":"\/navigation\/26481\/layers","link":"\/r\/electromenager\/hygiene-beaute\/coiffure\/fers-a-boucler"},{"name":"Tondeuses \u00e0 cheveux","code":"R17F09SF04SS04","id":"26482","type":"RAYON","picto":null,"level":4,"sellerId":null,"slug":"tondeuses-cheveux","selected":false,"children":null,"layers":"\/navigation\/26482\/layers","link":"\/r\/electromenager\/hygiene-beaute\/coiffure\/tondeuses-cheveux"},{"name":"Brosses soufflantes","code":"R17F09SF04SS05","id":"26483","type":"RAYON","picto":null,"level":4,"sellerId":null,"slug":"brosses-soufflantes","selected":false,"children":null,"layers":"\/navigation\/26483\/layers","link":"\/r\/electromenager\/hygiene-beaute\/coiffure\/brosses-soufflantes"},{"name":"Brosses coiffantes","code":"R17F09SF04SS06","id":"26484","type":"RAYON","picto":null,"level":4,"sellerId":null,"slug":"brosses-coiffantes","selected":false,"children":null,"layers":"\/navigation\/26484\/layers","link":"\/r\/electromenager\/hygiene-beaute\/coiffure\/brosses-coiffantes"},{"name":"Accessoires de coiffure","code":"R17F09SF04SS07","id":"26485","type":"RAYON","picto":null,"level":4,"sellerId":null,"slug":"accessoires-coiffure","selected":false,"children":null,"layers":"\/navigation\/26485\/layers","link":"\/r\/electromenager\/hygiene-beaute\/coiffure\/accessoires-coiffure"}],"layers":"\/navigation\/26230\/layers","link":"\/r\/electromenager\/hygiene-beaute\/coiffure"},{"name":"Soins du visage","code":"R17F09SF05","id":"26233","type":"RAYON","picto":null,"level":3,"sellerId":null,"slug":"soin-visage","selected":false,"children":null,"layers":"\/navigation\/26233\/layers","link":"\/r\/electromenager\/hygiene-beaute\/soin-visage"},{"name":"Hygi\u00e8ne dentaire","code":"R17F09SF06","id":"26235","type":"RAYON","picto":null,"level":3,"sellerId":null,"slug":"hygiene-dentaire","selected":false,"children":null,"layers":"\/navigation\/26235\/layers","link":"\/r\/electromenager\/hygiene-beaute\/hygiene-dentaire"},{"name":"Manucure et P\u00e9dicure","code":"R17F09SF07","id":"26236","type":"RAYON","picto":null,"level":3,"sellerId":null,"slug":"manucure-pedicure","selected":false,"children":null,"layers":"\/navigation\/26236\/layers","link":"\/r\/electromenager\/hygiene-beaute\/manucure-pedicure"},{"name":"Bien-\u00eatre et Minceur","code":"R17F09SF08","id":"26237","type":"RAYON","picto":null,"level":3,"sellerId":null,"slug":"bien-etre-minceur","selected":false,"children":null,"layers":"\/navigation\/26237\/layers","link":"\/r\/electromenager\/hygiene-beaute\/bien-etre-minceur"}],"layers":"\/navigation\/26036\/layers","link":"\/r\/electromenager\/hygiene-beaute"}],"layers":"\/navigation\/26016\/layers","link":"\/r\/electromenager"},{"name":"Jeux vid\u00e9os et Culture","code":"R18","id":"26021","type":"RAYON","picto":"https:\/\/media.carrefour.fr\/medias\/7a207ecb3c9c3b3eb3639203bd01c0b2\/p_96x96\/26021.jpg","level":1,"sellerId":null,"slug":"jeux-videos-culture","selected":false,"children":[{"name":"Consoles et Jeux vid\u00e9o","code":"R18F01","id":"26029","type":"RAYON","picto":null,"level":2,"sellerId":null,"slug":"consoles-jeux-videos","selected":false,"children":[{"name":"Playstation 5","code":"R18F01SF01","id":"28119","type":"RAYON","picto":null,"level":3,"sellerId":null,"slug":"playstation-5","selected":false,"children":[{"name":"Jeux PS5","code":"R18F01SF01SS02","id":"28121","type":"RAYON","picto":null,"level":4,"sellerId":null,"slug":"jeux-ps5","selected":false,"children":null,"layers":"\/navigation\/28121\/layers","link":"\/r\/jeux-videos-culture\/consoles-jeux-videos\/playstation-5\/jeux-ps5"},{"name":"Accessoires PS5","code":"R18F01SF01SS03","id":"28122","type":"RAYON","picto":null,"level":4,"sellerId":null,"slug":"assessoires-ps5","selected":false,"children":null,"layers":"\/navigation\/28122\/layers","link":"\/r\/jeux-videos-culture\/consoles-jeux-videos\/playstation-5\/assessoires-ps5"}],"layers":"\/navigation\/28119\/layers","link":"\/r\/jeux-videos-culture\/consoles-jeux-videos\/playstation-5"},{"name":"Nintendo Switch","code":"R18F01SF02","id":"26051","type":"RAYON","picto":null,"level":3,"sellerId":null,"slug":"nintendo-switch","selected":false,"children":[{"name":"Consoles Nintendo Swtich","code":"R18F01SF02SS01","id":"26053","type":"RAYON","picto":null,"level":4,"sellerId":null,"slug":"consoles-nintendo-switch","selected":false,"children":null,"layers":"\/navigation\/26053\/layers","link":"\/r\/jeux-videos-culture\/consoles-jeux-videos\/nintendo-switch\/consoles-nintendo-switch"},{"name":"Jeux Nintendo Switch","code":"R18F01SF02SS02","id":"26055","type":"RAYON","picto":null,"level":4,"sellerId":null,"slug":"jeux-nintendo-switch","selected":false,"children":null,"layers":"\/navigation\/26055\/layers","link":"\/r\/jeux-videos-culture\/consoles-jeux-videos\/nintendo-switch\/jeux-nintendo-switch"},{"name":"Accessoires Nintendo Switch","code":"R18F01SF02SS03","id":"26056","type":"RAYON","picto":null,"level":4,"sellerId":null,"slug":"accessoires-nintendo-switch","selected":false,"children":null,"layers":"\/navigation\/26056\/layers","link":"\/r\/jeux-videos-culture\/consoles-jeux-videos\/nintendo-switch\/accessoires-nintendo-switch"}],"layers":"\/navigation\/26051\/layers","link":"\/r\/jeux-videos-culture\/consoles-jeux-videos\/nintendo-switch"},{"name":"Xbox Series","code":"R18F01SF02","id":"28563","type":"RAYON","picto":null,"level":3,"sellerId":null,"slug":"xbox-series-x","selected":false,"children":[{"name":"Consoles Xbox Series","code":"R18F01SF03SS01","id":"28564","type":"RAYON","picto":null,"level":4,"sellerId":null,"slug":"console-xbox-series-x","selected":false,"children":null,"layers":"\/navigation\/28564\/layers","link":"\/r\/jeux-videos-culture\/consoles-jeux-videos\/xbox-series-x\/console-xbox-series-x"},{"name":"Jeux Xbox Series","code":"R18F01SF03SS02","id":"28565","type":"RAYON","picto":null,"level":4,"sellerId":null,"slug":"jeux-xbox-series-x","selected":false,"children":null,"layers":"\/navigation\/28565\/layers","link":"\/r\/jeux-videos-culture\/consoles-jeux-videos\/xbox-series-x\/jeux-xbox-series-x"},{"name":"Accessoires Xbox Series","code":"R18F01SF02SS03","id":"28566","type":"RAYON","picto":null,"level":4,"sellerId":null,"slug":"accessoires-xbox-series-x","selected":false,"children":null,"layers":"\/navigation\/28566\/layers","link":"\/r\/jeux-videos-culture\/consoles-jeux-videos\/xbox-series-x\/accessoires-xbox-series-x"}],"layers":"\/navigation\/28563\/layers","link":"\/r\/jeux-videos-culture\/consoles-jeux-videos\/xbox-series-x"},{"name":"Playstation 4","code":"R18F01SF04","id":"26035","type":"RAYON","picto":null,"level":3,"sellerId":null,"slug":"playstation-4","selected":false,"children":[{"name":"Consoles PS4","code":"R18F01SF04SS01","id":"26037","type":"RAYON","picto":null,"level":4,"sellerId":null,"slug":"consoles-ps4","selected":false,"children":null,"layers":"\/navigation\/26037\/layers","link":"\/r\/jeux-videos-culture\/consoles-jeux-videos\/playstation-4\/consoles-ps4"},{"name":"Jeux PS4","code":"R18F01SF04SS02","id":"26039","type":"RAYON","picto":null,"level":4,"sellerId":null,"slug":"jeux-ps4","selected":false,"children":null,"layers":"\/navigation\/26039\/layers","link":"\/r\/jeux-videos-culture\/consoles-jeux-videos\/playstation-4\/jeux-ps4"},{"name":"Accessoires PS4","code":"R18F01SF04SS03","id":"26041","type":"RAYON","picto":null,"level":4,"sellerId":null,"slug":"accessoires-ps4","selected":false,"children":null,"layers":"\/navigation\/26041\/layers","link":"\/r\/jeux-videos-culture\/consoles-jeux-videos\/playstation-4\/accessoires-ps4"}],"layers":"\/navigation\/26035\/layers","link":"\/r\/jeux-videos-culture\/consoles-jeux-videos\/playstation-4"},{"name":"Xbox One","code":"R18F01SF05","id":"26043","type":"RAYON","picto":null,"level":3,"sellerId":null,"slug":"xbox-one","selected":false,"children":[{"name":"Consoles Xbox One","code":"R18F01SF05SS01","id":"26045","type":"RAYON","picto":null,"level":4,"sellerId":null,"slug":"consoles-xbox-one","selected":false,"children":null,"layers":"\/navigation\/26045\/layers","link":"\/r\/jeux-videos-culture\/consoles-jeux-videos\/xbox-one\/consoles-xbox-one"},{"name":"Jeux Xbox One","code":"R18F01SF05SS02","id":"26047","type":"RAYON","picto":null,"level":4,"sellerId":null,"slug":"jeux-xbox-one","selected":false,"children":null,"layers":"\/navigation\/26047\/layers","link":"\/r\/jeux-videos-culture\/consoles-jeux-videos\/xbox-one\/jeux-xbox-one"},{"name":"Accessoires Xbox One","code":"R18F01SF05SS03","id":"26048","type":"RAYON","picto":null,"level":4,"sellerId":null,"slug":"accessoires-xbox-one","selected":false,"children":null,"layers":"\/navigation\/26048\/layers","link":"\/r\/jeux-videos-culture\/consoles-jeux-videos\/xbox-one\/accessoires-xbox-one"}],"layers":"\/navigation\/26043\/layers","link":"\/r\/jeux-videos-culture\/consoles-jeux-videos\/xbox-one"},{"name":"Autres consoles, Accessoires et Jeux","code":"R18F01SF06","id":"26058","type":"RAYON","picto":null,"level":3,"sellerId":null,"slug":"autres-consoles-accessoires-jeux","selected":false,"children":[{"name":"Consoles","code":"R18F01SF06SS01","id":"26062","type":"RAYON","picto":null,"level":4,"sellerId":null,"slug":"consoles","selected":false,"children":null,"layers":"\/navigation\/26062\/layers","link":"\/r\/jeux-videos-culture\/consoles-jeux-videos\/autres-consoles-accessoires-jeux\/consoles"},{"name":"Jeux","code":"R18F01SF06SS02","id":"26060","type":"RAYON","picto":null,"level":4,"sellerId":null,"slug":"jeux","selected":false,"children":null,"layers":"\/navigation\/26060\/layers","link":"\/r\/jeux-videos-culture\/consoles-jeux-videos\/autres-consoles-accessoires-jeux\/jeux"},{"name":"Accessoires","code":"R18F01SF06SS03","id":"26064","type":"RAYON","picto":null,"level":4,"sellerId":null,"slug":"accessoires","selected":false,"children":null,"layers":"\/navigation\/26064\/layers","link":"\/r\/jeux-videos-culture\/consoles-jeux-videos\/autres-consoles-accessoires-jeux\/accessoires"}],"layers":"\/navigation\/26058\/layers","link":"\/r\/jeux-videos-culture\/consoles-jeux-videos\/autres-consoles-accessoires-jeux"},{"name":"Jeux PC et Accessoires","code":"R18F01SF07","id":"26067","type":"RAYON","picto":null,"level":3,"sellerId":null,"slug":"jeux-pc-accessoires","selected":false,"children":[{"name":"Jeux PC","code":"R18F01SF07SS01","id":"26071","type":"RAYON","picto":null,"level":4,"sellerId":null,"slug":"jeux-pc","selected":false,"children":null,"layers":"\/navigation\/26071\/layers","link":"\/r\/jeux-videos-culture\/consoles-jeux-videos\/jeux-pc-accessoires\/jeux-pc"},{"name":"Accessoires gaming PC","code":"R18F01SF07SS02","id":"26073","type":"RAYON","picto":null,"level":4,"sellerId":null,"slug":"accessoires-gaming-pc","selected":false,"children":null,"layers":"\/navigation\/26073\/layers","link":"\/r\/jeux-videos-culture\/consoles-jeux-videos\/jeux-pc-accessoires\/accessoires-gaming-pc"}],"layers":"\/navigation\/26067\/layers","link":"\/r\/jeux-videos-culture\/consoles-jeux-videos\/jeux-pc-accessoires"},{"name":"Abonnements ","code":"R18F01SF08","id":"26077","type":"RAYON","picto":null,"level":3,"sellerId":null,"slug":"abonnements","selected":false,"children":null,"layers":"\/navigation\/26077\/layers","link":"\/r\/jeux-videos-culture\/consoles-jeux-videos\/abonnements"}],"layers":"\/navigation\/26029\/layers","link":"\/r\/jeux-videos-culture\/consoles-jeux-videos"},{"name":"Figurines POP","code":"R18F02","id":"26030","type":"RAYON","picto":null,"level":2,"sellerId":null,"slug":"figurines-pop","selected":false,"children":null,"layers":"\/navigation\/26030\/layers","link":"\/r\/jeux-videos-culture\/figurines-pop"},{"name":"Livres et BDs","code":"R18F03","id":"26090","type":"RAYON","picto":null,"level":2,"sellerId":null,"slug":"livres-bds","selected":false,"children":[{"name":"Romans et Litt\u00e9rature","code":"R18F03SF01","id":"26091","type":"RAYON","picto":null,"level":3,"sellerId":null,"slug":"romans-litteraires","selected":false,"children":null,"layers":"\/navigation\/26091\/layers","link":"\/r\/jeux-videos-culture\/livres-bds\/romans-litteraires"},{"name":"BDs et Mangas","code":"R18F03SF02","id":"26092","type":"RAYON","picto":null,"level":3,"sellerId":null,"slug":"bds-mangas","selected":false,"children":null,"layers":"\/navigation\/26092\/layers","link":"\/r\/jeux-videos-culture\/livres-bds\/bds-mangas"},{"name":"Jeunesse","code":"R18F03SF03","id":"26093","type":"RAYON","picto":null,"level":3,"sellerId":null,"slug":"jeunesse","selected":false,"children":null,"layers":"\/navigation\/26093\/layers","link":"\/r\/jeux-videos-culture\/livres-bds\/jeunesse"},{"name":"Loisirs, Art de vivre et Recettes","code":"R18F03SF04","id":"26094","type":"RAYON","picto":null,"level":3,"sellerId":null,"slug":"loisirs-art-de-vivre-recettes","selected":false,"children":null,"layers":"\/navigation\/26094\/layers","link":"\/r\/jeux-videos-culture\/livres-bds\/loisirs-art-de-vivre-recettes"},{"name":"Cahiers de vacances","code":"R18F03SF05","id":"26095","type":"RAYON","picto":null,"level":3,"sellerId":null,"slug":"cahiers-de-vacances","selected":false,"children":null,"layers":"\/navigation\/26095\/layers","link":"\/r\/jeux-videos-culture\/livres-bds\/cahiers-de-vacances"},{"name":"Dictionnaires et Livres Scolaires","code":"R18F03SF06","id":"26096","type":"RAYON","picto":null,"level":3,"sellerId":null,"slug":"dictionnaires-manuels-scolaires-universitaires","selected":false,"children":null,"layers":"\/navigation\/26096\/layers","link":"\/r\/jeux-videos-culture\/livres-bds\/dictionnaires-manuels-scolaires-universitaires"},{"name":"Autres livres","code":"R18F03SF08","id":"26098","type":"RAYON","picto":null,"level":3,"sellerId":null,"slug":"autres-livres","selected":false,"children":null,"layers":"\/navigation\/26098\/layers","link":"\/r\/jeux-videos-culture\/livres-bds\/autres-livres"}],"layers":"\/navigation\/26090\/layers","link":"\/r\/jeux-videos-culture\/livres-bds"},{"name":"DVDs et CDs","code":"R18F04","id":"26034","type":"RAYON","picto":null,"level":2,"sellerId":null,"slug":"dvd-cd-livres","selected":false,"children":[{"name":"DVDs et Blu-ray","code":"R18F04SF01","id":"26079","type":"RAYON","picto":null,"level":3,"sellerId":null,"slug":"dvds-blu-ray","selected":false,"children":[{"name":"S\u00e9ries TV","code":"R18F04SF01SS01","id":"26080","type":"RAYON","picto":null,"level":4,"sellerId":null,"slug":"series-tv","selected":false,"children":null,"layers":"\/navigation\/26080\/layers","link":"\/r\/jeux-videos-culture\/dvd-cd-livres\/dvds-blu-ray\/series-tv"},{"name":"Action et Aventure","code":"R18F04SF01SS02","id":"26081","type":"RAYON","picto":null,"level":4,"sellerId":null,"slug":"action-aventure","selected":false,"children":null,"layers":"\/navigation\/26081\/layers","link":"\/r\/jeux-videos-culture\/dvd-cd-livres\/dvds-blu-ray\/action-aventure"},{"name":"Com\u00e9die, Humour et Spectacle","code":"R18F04SF01SS03","id":"26082","type":"RAYON","picto":null,"level":4,"sellerId":null,"slug":"comedie-humour-spectacles","selected":false,"children":null,"layers":"\/navigation\/26082\/layers","link":"\/r\/jeux-videos-culture\/dvd-cd-livres\/dvds-blu-ray\/comedie-humour-spectacles"},{"name":"Dessins anim\u00e9s","code":"R18F04SF01SS04","id":"26083","type":"RAYON","picto":null,"level":4,"sellerId":null,"slug":"dessins-animes","selected":false,"children":null,"layers":"\/navigation\/26083\/layers","link":"\/r\/jeux-videos-culture\/dvd-cd-livres\/dvds-blu-ray\/dessins-animes"},{"name":"Enfant et Jeunesse","code":"R18F04SF01SS05","id":"26084","type":"RAYON","picto":null,"level":4,"sellerId":null,"slug":"enfant-jeunesse","selected":false,"children":null,"layers":"\/navigation\/26084\/layers","link":"\/r\/jeux-videos-culture\/dvd-cd-livres\/dvds-blu-ray\/enfant-jeunesse"},{"name":"Policier et Thriller","code":"R18F04SF01SS06","id":"26085","type":"RAYON","picto":null,"level":4,"sellerId":null,"slug":"policier-thriller","selected":false,"children":null,"layers":"\/navigation\/26085\/layers","link":"\/r\/jeux-videos-culture\/dvd-cd-livres\/dvds-blu-ray\/policier-thriller"},{"name":"Fantastique et Science-Fiction","code":"R18F04SF01SS08","id":"26946","type":"RAYON","picto":null,"level":4,"sellerId":null,"slug":"fantastique-science-fiction","selected":false,"children":null,"layers":"\/navigation\/26946\/layers","link":"\/r\/jeux-videos-culture\/dvd-cd-livres\/dvds-blu-ray\/fantastique-science-fiction"},{"name":"Drame et Emotion","code":"R18F04SF01SS09","id":"26947","type":"RAYON","picto":null,"level":4,"sellerId":null,"slug":"drame-emotion","selected":false,"children":null,"layers":"\/navigation\/26947\/layers","link":"\/r\/jeux-videos-culture\/dvd-cd-livres\/dvds-blu-ray\/drame-emotion"},{"name":"Horreur","code":"R18F04SF01SS10","id":"28607","type":"RAYON","picto":null,"level":4,"sellerId":null,"slug":"horreur","selected":false,"children":null,"layers":"\/navigation\/28607\/layers","link":"\/r\/jeux-videos-culture\/dvd-cd-livres\/dvds-blu-ray\/horreur"},{"name":"Autres DVDs","code":"R18F04SF01SS11","id":"28608","type":"RAYON","picto":null,"level":4,"sellerId":null,"slug":"autres-dvd","selected":false,"children":null,"layers":"\/navigation\/28608\/layers","link":"\/r\/jeux-videos-culture\/dvd-cd-livres\/dvds-blu-ray\/autres-dvd"}],"layers":"\/navigation\/26079\/layers","link":"\/r\/jeux-videos-culture\/dvd-cd-livres\/dvds-blu-ray"},{"name":"CDs et Vinyle","code":"R18F04SF02","id":"26087","type":"RAYON","picto":null,"level":3,"sellerId":null,"slug":"cds-vinyles","selected":false,"children":[{"name":"Vinyles","code":"R18F04SF02SS01","id":"26088","type":"RAYON","picto":null,"level":4,"sellerId":null,"slug":"vinyles","selected":false,"children":null,"layers":"\/navigation\/26088\/layers","link":"\/r\/jeux-videos-culture\/dvd-cd-livres\/cds-vinyles\/vinyles"},{"name":"CDs","code":"R18F04SF02SS02","id":"26089","type":"RAYON","picto":null,"level":4,"sellerId":null,"slug":"cds","selected":false,"children":null,"layers":"\/navigation\/26089\/layers","link":"\/r\/jeux-videos-culture\/dvd-cd-livres\/cds-vinyles\/cds"}],"layers":"\/navigation\/26087\/layers","link":"\/r\/jeux-videos-culture\/dvd-cd-livres\/cds-vinyles"}],"layers":"\/navigation\/26034\/layers","link":"\/r\/jeux-videos-culture\/dvd-cd-livres"},{"name":"Instruments de musique","code":"R18F05","id":"26870","type":"RAYON","picto":null,"level":2,"sellerId":null,"slug":"instruments-de-musique","selected":false,"children":null,"layers":"\/navigation\/26870\/layers","link":"\/r\/jeux-videos-culture\/instruments-de-musique"}],"layers":"\/navigation\/26021\/layers","link":"\/r\/jeux-videos-culture"},{"name":"Smartphones et Objets Connect\u00e9s","code":"R19","id":"26020","type":"RAYON","picto":"https:\/\/media.carrefour.fr\/medias\/82100b15c14730fb89c80a9f454006c6\/p_96x96\/26020.jpg","level":1,"sellerId":null,"slug":"smartphones-objets-connectes","selected":false,"children":[{"name":"Smartphones et iPhone","code":"R19F01","id":"26052","type":"RAYON","picto":null,"level":2,"sellerId":null,"slug":"smartphones-iphone","selected":false,"children":[{"name":"Samsung","code":"R19F01SF01","id":"26270","type":"RAYON","picto":null,"level":3,"sellerId":null,"slug":"samsung","selected":false,"children":null,"layers":"\/navigation\/26270\/layers","link":"\/r\/smartphones-objets-connectes\/smartphones-iphone\/samsung"},{"name":"Apple","code":"R19F01SF02","id":"26271","type":"RAYON","picto":null,"level":3,"sellerId":null,"slug":"apple","selected":false,"children":null,"layers":"\/navigation\/26271\/layers","link":"\/r\/smartphones-objets-connectes\/smartphones-iphone\/apple"},{"name":"Huawei","code":"R19F01SF03","id":"26272","type":"RAYON","picto":null,"level":3,"sellerId":null,"slug":"huawei","selected":false,"children":null,"layers":"\/navigation\/26272\/layers","link":"\/r\/smartphones-objets-connectes\/smartphones-iphone\/huawei"},{"name":"Xiaomi","code":"R19F01SF04","id":"26273","type":"RAYON","picto":null,"level":3,"sellerId":null,"slug":"xiaomi","selected":false,"children":null,"layers":"\/navigation\/26273\/layers","link":"\/r\/smartphones-objets-connectes\/smartphones-iphone\/xiaomi"},{"name":"Oppo","code":"R19F01SF05","id":"26274","type":"RAYON","picto":null,"level":3,"sellerId":null,"slug":"oppo","selected":false,"children":null,"layers":"\/navigation\/26274\/layers","link":"\/r\/smartphones-objets-connectes\/smartphones-iphone\/oppo"},{"name":"Nokia","code":"R19F01SF07","id":"26276","type":"RAYON","picto":null,"level":3,"sellerId":null,"slug":"nokia","selected":false,"children":null,"layers":"\/navigation\/26276\/layers","link":"\/r\/smartphones-objets-connectes\/smartphones-iphone\/nokia"},{"name":"Wiko","code":"R19F01SF08","id":"26277","type":"RAYON","picto":null,"level":3,"sellerId":null,"slug":"wiko","selected":false,"children":null,"layers":"\/navigation\/26277\/layers","link":"\/r\/smartphones-objets-connectes\/smartphones-iphone\/wiko"},{"name":"Reconditionn\u00e9","code":"R19F01SF09","id":"26278","type":"RAYON","picto":null,"level":3,"sellerId":null,"slug":"reconditionne","selected":false,"children":null,"layers":"\/navigation\/26278\/layers","link":"\/r\/smartphones-objets-connectes\/smartphones-iphone\/reconditionne"},{"name":"Autres marques","code":"R19F01SF10","id":"26893","type":"RAYON","picto":null,"level":3,"sellerId":null,"slug":"autres-marques","selected":false,"children":null,"layers":"\/navigation\/26893\/layers","link":"\/r\/smartphones-objets-connectes\/smartphones-iphone\/autres-marques"},{"name":"Accessoires de smartphone","code":"R19F01SF11","id":"26279","type":"RAYON","picto":null,"level":3,"sellerId":null,"slug":"accessoires-smartphone","selected":false,"children":[{"name":"Batteries externes","code":"R19F01SF11SS01","id":"26438","type":"RAYON","picto":null,"level":4,"sellerId":null,"slug":"batteries-externes","selected":false,"children":null,"layers":"\/navigation\/26438\/layers","link":"\/r\/smartphones-objets-connectes\/smartphones-iphone\/accessoires-smartphone\/batteries-externes"},{"name":"Chargeurs de smartphone","code":"R19F01SF11SS02","id":"26442","type":"RAYON","picto":null,"level":4,"sellerId":null,"slug":"chargeurs-de-smartphone","selected":false,"children":null,"layers":"\/navigation\/26442\/layers","link":"\/r\/smartphones-objets-connectes\/smartphones-iphone\/accessoires-smartphone\/chargeurs-de-smartphone"},{"name":"Housses, coques et popsockets de smartphone","code":"R19F01SF11SS03","id":"26445","type":"RAYON","picto":null,"level":4,"sellerId":null,"slug":"housses-coques-de-smartphone","selected":false,"children":null,"layers":"\/navigation\/26445\/layers","link":"\/r\/smartphones-objets-connectes\/smartphones-iphone\/accessoires-smartphone\/housses-coques-de-smartphone"},{"name":"Protections \u00e9cran de smartphone","code":"R19F01SF11SS04","id":"26447","type":"RAYON","picto":null,"level":4,"sellerId":null,"slug":"protections-ecran-de-smartphone","selected":false,"children":null,"layers":"\/navigation\/26447\/layers","link":"\/r\/smartphones-objets-connectes\/smartphones-iphone\/accessoires-smartphone\/protections-ecran-de-smartphone"}],"layers":"\/navigation\/26279\/layers","link":"\/r\/smartphones-objets-connectes\/smartphones-iphone\/accessoires-smartphone"}],"layers":"\/navigation\/26052\/layers","link":"\/r\/smartphones-objets-connectes\/smartphones-iphone"},{"name":"Montres Connect\u00e9es","code":"R19F02","id":"26061","type":"RAYON","picto":null,"level":2,"sellerId":null,"slug":"montres-connectees","selected":false,"children":[{"name":"Samsung Galaxy Watch","code":"R19F02SF01","id":"26280","type":"RAYON","picto":null,"level":3,"sellerId":null,"slug":"samsung-galaxy-watch","selected":false,"children":null,"layers":"\/navigation\/26280\/layers","link":"\/r\/smartphones-objets-connectes\/montres-connectees\/samsung-galaxy-watch"},{"name":"Bracelets connect\u00e9s","code":"R19F02SF05","id":"26284","type":"RAYON","picto":null,"level":3,"sellerId":null,"slug":"bracelets-connectes","selected":false,"children":null,"layers":"\/navigation\/26284\/layers","link":"\/r\/smartphones-objets-connectes\/montres-connectees\/bracelets-connectes"}],"layers":"\/navigation\/26061\/layers","link":"\/r\/smartphones-objets-connectes\/montres-connectees"},{"name":"Objets Connect\u00e9s","code":"R19F03","id":"26063","type":"RAYON","picto":null,"level":2,"sellerId":null,"slug":"objets-connectees","selected":false,"children":[{"name":"S\u00e9curit\u00e9 connect\u00e9e","code":"R19F03SF01","id":"26285","type":"RAYON","picto":null,"level":3,"sellerId":null,"slug":"securite-connectee","selected":false,"children":[{"name":"Cam\u00e9ras de surveillance","code":"R19F03SF01SS01","id":"26449","type":"RAYON","picto":null,"level":4,"sellerId":null,"slug":"cameras-de-surveillance","selected":false,"children":null,"layers":"\/navigation\/26449\/layers","link":"\/r\/smartphones-objets-connectes\/objets-connectees\/securite-connectee\/cameras-de-surveillance"}],"layers":"\/navigation\/26285\/layers","link":"\/r\/smartphones-objets-connectes\/objets-connectees\/securite-connectee"},{"name":"Energie connect\u00e9e","code":"R19F03SF02","id":"26286","type":"RAYON","picto":null,"level":3,"sellerId":null,"slug":"energie-connectee","selected":false,"children":[{"name":"Ampoules connect\u00e9es","code":"R19F03SF02SS01","id":"26453","type":"RAYON","picto":null,"level":4,"sellerId":null,"slug":"ampoules-connectees","selected":false,"children":null,"layers":"\/navigation\/26453\/layers","link":"\/r\/smartphones-objets-connectes\/objets-connectees\/energie-connectee\/ampoules-connectees"}],"layers":"\/navigation\/26286\/layers","link":"\/r\/smartphones-objets-connectes\/objets-connectees\/energie-connectee"},{"name":"P\u00e8se-personne et Balances connect\u00e9es","code":"R19F03SF03","id":"26287","type":"RAYON","picto":null,"level":3,"sellerId":null,"slug":"pese-personne-balances-connectees","selected":false,"children":null,"layers":"\/navigation\/26287\/layers","link":"\/r\/smartphones-objets-connectes\/objets-connectees\/pese-personne-balances-connectees"}],"layers":"\/navigation\/26063\/layers","link":"\/r\/smartphones-objets-connectes\/objets-connectees"},{"name":"T\u00e9l\u00e9phones portables","code":"R19F04","id":"26066","type":"RAYON","picto":null,"level":2,"sellerId":null,"slug":"telephones-portables","selected":false,"children":null,"layers":"\/navigation\/26066\/layers","link":"\/r\/smartphones-objets-connectes\/telephones-portables"},{"name":"T\u00e9l\u00e9phones fixes","code":"R19F05","id":"26065","type":"RAYON","picto":null,"level":2,"sellerId":null,"slug":"telephones-fixes","selected":false,"children":null,"layers":"\/navigation\/26065\/layers","link":"\/r\/smartphones-objets-connectes\/telephones-fixes"}],"layers":"\/navigation\/26020\/layers","link":"\/r\/smartphones-objets-connectes"},{"name":"Image et Son","code":"R20","id":"26019","type":"RAYON","picto":"https:\/\/media.carrefour.fr\/medias\/a552ad27da6c3118b9a0eb04fafaaadc\/p_96x96\/26019.jpg","level":1,"sellerId":null,"slug":"image-son","selected":false,"children":[{"name":"TV et Vid\u00e9o","code":"R20F01","id":"26046","type":"RAYON","picto":null,"level":2,"sellerId":null,"slug":"tv-video","selected":false,"children":[{"name":"TV ","code":"R20F01SF01","id":"26256","type":"RAYON","picto":null,"level":3,"sellerId":null,"slug":"tv","selected":false,"children":[{"name":"TV","code":"R20F01SF01SS01","id":"26486","type":"RAYON","picto":null,"level":4,"sellerId":null,"slug":"tv","selected":false,"children":null,"layers":"\/navigation\/26486\/layers","link":"\/r\/image-son\/tv-video\/tv\/tv"},{"name":"Smart TV","code":"R20F01SF01SS02","id":"26487","type":"RAYON","picto":null,"level":4,"sellerId":null,"slug":"smart-tv","selected":false,"children":null,"layers":"\/navigation\/26487\/layers","link":"\/r\/image-son\/tv-video\/tv\/smart-tv"}],"layers":"\/navigation\/26256\/layers","link":"\/r\/image-son\/tv-video\/tv"},{"name":"Home cin\u00e9ma et Barre de son ","code":"R20F01SF03","id":"26258","type":"RAYON","picto":null,"level":3,"sellerId":null,"slug":"home-cinema-barre-de-son","selected":false,"children":[{"name":"Barres de son","code":"R20F01SF03SS02","id":"26493","type":"RAYON","picto":null,"level":4,"sellerId":null,"slug":"barres-son","selected":false,"children":null,"layers":"\/navigation\/26493\/layers","link":"\/r\/image-son\/tv-video\/home-cinema-barre-de-son\/barres-son"},{"name":"Lecteurs DVD et Blu-ray","code":"R20F01SF03SS03","id":"26494","type":"RAYON","picto":null,"level":4,"sellerId":null,"slug":"lecteurs-dvd-blu-ray","selected":false,"children":null,"layers":"\/navigation\/26494\/layers","link":"\/r\/image-son\/tv-video\/home-cinema-barre-de-son\/lecteurs-dvd-blu-ray"}],"layers":"\/navigation\/26258\/layers","link":"\/r\/image-son\/tv-video\/home-cinema-barre-de-son"},{"name":"Accessoires TV, Vid\u00e9o et Meubles","code":"R20F01SF04","id":"26259","type":"RAYON","picto":null,"level":3,"sellerId":null,"slug":"accessoires-tv-video-meubles","selected":false,"children":[{"name":"Chromecast - Apple TV","code":"R20F01SF04SS01","id":"26498","type":"RAYON","picto":null,"level":4,"sellerId":null,"slug":"chromecast-apple-tv","selected":false,"children":null,"layers":"\/navigation\/26498\/layers","link":"\/r\/image-son\/tv-video\/accessoires-tv-video-meubles\/chromecast-apple-tv"},{"name":"T\u00e9l\u00e9commandes","code":"R20F01SF04SS02","id":"26496","type":"RAYON","picto":null,"level":4,"sellerId":null,"slug":"telecommandes","selected":false,"children":null,"layers":"\/navigation\/26496\/layers","link":"\/r\/image-son\/tv-video\/accessoires-tv-video-meubles\/telecommandes"},{"name":"Supports muraux TV","code":"R20F01SF04SS03","id":"26495","type":"RAYON","picto":null,"level":4,"sellerId":null,"slug":"supports-muraux-tv","selected":false,"children":null,"layers":"\/navigation\/26495\/layers","link":"\/r\/image-son\/tv-video\/accessoires-tv-video-meubles\/supports-muraux-tv"},{"name":"Connectiques et C\u00e2bles HDMI","code":"R20F01SF04SS04","id":"26497","type":"RAYON","picto":null,"level":4,"sellerId":null,"slug":"connectiques-cables-hdmi","selected":false,"children":null,"layers":"\/navigation\/26497\/layers","link":"\/r\/image-son\/tv-video\/accessoires-tv-video-meubles\/connectiques-cables-hdmi"},{"name":"Casques TV","code":"R20F01SF04SS06","id":"26500","type":"RAYON","picto":null,"level":4,"sellerId":null,"slug":"casques-tv","selected":false,"children":null,"layers":"\/navigation\/26500\/layers","link":"\/r\/image-son\/tv-video\/accessoires-tv-video-meubles\/casques-tv"},{"name":"D\u00e9codeurs et box TV","code":"R20F01SF04SS07","id":"27183","type":"RAYON","picto":null,"level":4,"sellerId":null,"slug":"decodeur-box-tv","selected":false,"children":null,"layers":"\/navigation\/27183\/layers","link":"\/r\/image-son\/tv-video\/accessoires-tv-video-meubles\/decodeur-box-tv"}],"layers":"\/navigation\/26259\/layers","link":"\/r\/image-son\/tv-video\/accessoires-tv-video-meubles"}],"layers":"\/navigation\/26046\/layers","link":"\/r\/image-son\/tv-video"},{"name":"Son","code":"R20F02","id":"26057","type":"RAYON","picto":null,"level":2,"sellerId":null,"slug":"son","selected":false,"children":[{"name":"Casques et Ecouteurs","code":"R20F02SF01","id":"26260","type":"RAYON","picto":null,"level":3,"sellerId":null,"slug":"casques-ecouteurs","selected":false,"children":[{"name":"Casques sans fil et Bluetooth","code":"R20F02SF01SS01","id":"26501","type":"RAYON","picto":null,"level":4,"sellerId":null,"slug":"casques-sans-fil-bluetooth","selected":false,"children":null,"layers":"\/navigation\/26501\/layers","link":"\/r\/image-son\/son\/casques-ecouteurs\/casques-sans-fil-bluetooth"},{"name":"Casques fil et arceau","code":"R20F02SF01SS02","id":"26502","type":"RAYON","picto":null,"level":4,"sellerId":null,"slug":"casques-fil-arceau","selected":false,"children":null,"layers":"\/navigation\/26502\/layers","link":"\/r\/image-son\/son\/casques-ecouteurs\/casques-fil-arceau"},{"name":"Ecouteurs ","code":"R20F02SF01SS04","id":"26504","type":"RAYON","picto":null,"level":4,"sellerId":null,"slug":"ecouteurs","selected":false,"children":null,"layers":"\/navigation\/26504\/layers","link":"\/r\/image-son\/son\/casques-ecouteurs\/ecouteurs"},{"name":"Ecouteurs intra auriculaire","code":"R20F02SF01SS05","id":"26505","type":"RAYON","picto":null,"level":4,"sellerId":null,"slug":"ecouteurs-intra-auriculaire","selected":false,"children":null,"layers":"\/navigation\/26505\/layers","link":"\/r\/image-son\/son\/casques-ecouteurs\/ecouteurs-intra-auriculaire"},{"name":"Ecouteurs sans fil et Bluetooth","code":"R20F02SF01SS06","id":"26506","type":"RAYON","picto":null,"level":4,"sellerId":null,"slug":"ecouteurs-sans-fil-bluetooth","selected":false,"children":null,"layers":"\/navigation\/26506\/layers","link":"\/r\/image-son\/son\/casques-ecouteurs\/ecouteurs-sans-fil-bluetooth"},{"name":"Ecouteurs sport","code":"R20F02SF01SS07","id":"26507","type":"RAYON","picto":null,"level":4,"sellerId":null,"slug":"ecouteurs-sport","selected":false,"children":null,"layers":"\/navigation\/26507\/layers","link":"\/r\/image-son\/son\/casques-ecouteurs\/ecouteurs-sport"},{"name":"Accessoires audio","code":"R20F02SF01SS09","id":"26891","type":"RAYON","picto":null,"level":4,"sellerId":null,"slug":"accessoires-audio","selected":false,"children":null,"layers":"\/navigation\/26891\/layers","link":"\/r\/image-son\/son\/casques-ecouteurs\/accessoires-audio"}],"layers":"\/navigation\/26260\/layers","link":"\/r\/image-son\/son\/casques-ecouteurs"},{"name":"Enceintes","code":"R20F02SF02","id":"26261","type":"RAYON","picto":null,"level":3,"sellerId":null,"slug":"enceintes","selected":false,"children":[{"name":"Enceintes sans fil et Bluetooth","code":"R20F02SF02SS01","id":"26509","type":"RAYON","picto":null,"level":4,"sellerId":null,"slug":"enceitnes-sans-fil-bluetooth","selected":false,"children":null,"layers":"\/navigation\/26509\/layers","link":"\/r\/image-son\/son\/enceintes\/enceitnes-sans-fil-bluetooth"},{"name":"Enceintes multiroom","code":"R20F02SF02SS02","id":"26510","type":"RAYON","picto":null,"level":4,"sellerId":null,"slug":"enceintes-multiroom","selected":false,"children":null,"layers":"\/navigation\/26510\/layers","link":"\/r\/image-son\/son\/enceintes\/enceintes-multiroom"}],"layers":"\/navigation\/26261\/layers","link":"\/r\/image-son\/son\/enceintes"},{"name":"Enceintes intelligentes","code":"R20F02SF03","id":"26262","type":"RAYON","picto":null,"level":3,"sellerId":null,"slug":"enceintes-intelligentes","selected":false,"children":[{"name":"Google Home ","code":"R20F02SF03SS01","id":"26511","type":"RAYON","picto":null,"level":4,"sellerId":null,"slug":"google-home","selected":false,"children":null,"layers":"\/navigation\/26511\/layers","link":"\/r\/image-son\/son\/enceintes-intelligentes\/google-home"},{"name":"Enceintes \u00e0 commande vocale","code":"R20F02SF03SS02","id":"26512","type":"RAYON","picto":null,"level":4,"sellerId":null,"slug":"enceintes-a-commande-covale","selected":false,"children":null,"layers":"\/navigation\/26512\/layers","link":"\/r\/image-son\/son\/enceintes-intelligentes\/enceintes-a-commande-covale"}],"layers":"\/navigation\/26262\/layers","link":"\/r\/image-son\/son\/enceintes-intelligentes"},{"name":"Chaine hifi","code":"R20F02SF04","id":"26263","type":"RAYON","picto":null,"level":3,"sellerId":null,"slug":"chaines-hifi","selected":false,"children":null,"layers":"\/navigation\/26263\/layers","link":"\/r\/image-son\/son\/chaines-hifi"},{"name":"Radio et radio-r\u00e9veils","code":"R20F02SF05","id":"26264","type":"RAYON","picto":null,"level":3,"sellerId":null,"slug":"radio","selected":false,"children":null,"layers":"\/navigation\/26264\/layers","link":"\/r\/image-son\/son\/radio"},{"name":"Platines vinyles","code":"R20F02SF06","id":"26513","type":"RAYON","picto":null,"level":3,"sellerId":null,"slug":"platines-vinyles","selected":false,"children":null,"layers":"\/navigation\/26513\/layers","link":"\/r\/image-son\/son\/platines-vinyles"},{"name":"Lecteurs MP3 et Baladeurs","code":"R20F02SF07","id":"26892","type":"RAYON","picto":null,"level":3,"sellerId":null,"slug":"lecteurs-mp3-baladeurs","selected":false,"children":null,"layers":"\/navigation\/26892\/layers","link":"\/r\/image-son\/son\/lecteurs-mp3-baladeurs"}],"layers":"\/navigation\/26057\/layers","link":"\/r\/image-son\/son"},{"name":"Appareils photo","code":"R20F03","id":"26059","type":"RAYON","picto":null,"level":2,"sellerId":null,"slug":"appareils-photo","selected":false,"children":[{"name":"Appareils photo","code":"R20F03SF01","id":"26265","type":"RAYON","picto":null,"level":3,"sellerId":null,"slug":"appareils-photo","selected":false,"children":[{"name":"Appareils photo instantan\u00e9es ","code":"R20F03SF01SS01","id":"26514","type":"RAYON","picto":null,"level":4,"sellerId":null,"slug":"appareils-photo-instantanees","selected":false,"children":null,"layers":"\/navigation\/26514\/layers","link":"\/r\/image-son\/appareils-photo\/appareils-photo\/appareils-photo-instantanees"},{"name":"Appareils photo compact et bridge","code":"R20F03SF01SS03","id":"26516","type":"RAYON","picto":null,"level":4,"sellerId":null,"slug":"appareils-photo-compact-bridge","selected":false,"children":null,"layers":"\/navigation\/26516\/layers","link":"\/r\/image-son\/appareils-photo\/appareils-photo\/appareils-photo-compact-bridge"},{"name":"Appareils photo jetable","code":"R20F03SF01SS05","id":"26883","type":"RAYON","picto":null,"level":4,"sellerId":null,"slug":"appareils-photo-jetable","selected":false,"children":null,"layers":"\/navigation\/26883\/layers","link":"\/r\/image-son\/appareils-photo\/appareils-photo\/appareils-photo-jetable"}],"layers":"\/navigation\/26265\/layers","link":"\/r\/image-son\/appareils-photo\/appareils-photo"},{"name":"Cam\u00e9ra sport","code":"R20F03SF02","id":"26266","type":"RAYON","picto":null,"level":3,"sellerId":null,"slug":"camera-sport","selected":false,"children":null,"layers":"\/navigation\/26266\/layers","link":"\/r\/image-son\/appareils-photo\/camera-sport"},{"name":"Drones","code":"R20F03SF03","id":"26267","type":"RAYON","picto":null,"level":3,"sellerId":null,"slug":"drones","selected":false,"children":null,"layers":"\/navigation\/26267\/layers","link":"\/r\/image-son\/appareils-photo\/drones"},{"name":"Cam\u00e9scopes","code":"R20F03SF04","id":"26268","type":"RAYON","picto":null,"level":3,"sellerId":null,"slug":"camescopes","selected":false,"children":null,"layers":"\/navigation\/26268\/layers","link":"\/r\/image-son\/appareils-photo\/camescopes"},{"name":"Accessoires de photo et vid\u00e9o","code":"R20F03SF05","id":"26269","type":"RAYON","picto":null,"level":3,"sellerId":null,"slug":"accessoires-photo-video","selected":false,"children":[{"name":"Tr\u00e9pieds","code":"R20F03SF05SS02","id":"26519","type":"RAYON","picto":null,"level":4,"sellerId":null,"slug":"trepieds","selected":false,"children":null,"layers":"\/navigation\/26519\/layers","link":"\/r\/image-son\/appareils-photo\/accessoires-photo-video\/trepieds"},{"name":"Cartes m\u00e9moire","code":"R20F03SF05SS04","id":"26521","type":"RAYON","picto":null,"level":4,"sellerId":null,"slug":"cartes-memoire","selected":false,"children":null,"layers":"\/navigation\/26521\/layers","link":"\/r\/image-son\/appareils-photo\/accessoires-photo-video\/cartes-memoire"},{"name":"Sacs et Sacoches","code":"R20F03SF05SS05","id":"26522","type":"RAYON","picto":null,"level":4,"sellerId":null,"slug":"sacs-sacoches","selected":false,"children":null,"layers":"\/navigation\/26522\/layers","link":"\/r\/image-son\/appareils-photo\/accessoires-photo-video\/sacs-sacoches"},{"name":"Papier photo","code":"R20F03SF05SS06","id":"26523","type":"RAYON","picto":null,"level":4,"sellerId":null,"slug":"papier-photo","selected":false,"children":null,"layers":"\/navigation\/26523\/layers","link":"\/r\/image-son\/appareils-photo\/accessoires-photo-video\/papier-photo"},{"name":"Pellicules et Films ","code":"R20F03SF05SS07","id":"26524","type":"RAYON","picto":null,"level":4,"sellerId":null,"slug":"pellicules-films","selected":false,"children":null,"layers":"\/navigation\/26524\/layers","link":"\/r\/image-son\/appareils-photo\/accessoires-photo-video\/pellicules-films"}],"layers":"\/navigation\/26269\/layers","link":"\/r\/image-son\/appareils-photo\/accessoires-photo-video"}],"layers":"\/navigation\/26059\/layers","link":"\/r\/image-son\/appareils-photo"}],"layers":"\/navigation\/26019\/layers","link":"\/r\/image-son"},{"name":"Informatique et Bureau","code":"R21","id":"26018","type":"RAYON","picto":"https:\/\/media.carrefour.fr\/medias\/e08cf0e28c5a3c82a41dfa14b2b32dc8\/p_96x96\/26018.jpg","level":1,"sellerId":null,"slug":"informatique-bureau","selected":false,"children":[{"name":"Ordinateurs et Tablettes","code":"R21F01","id":"26040","type":"RAYON","picto":null,"level":2,"sellerId":null,"slug":"ordinateurs-tablettes","selected":false,"children":[{"name":"Ordinateurs portables","code":"R21F01SF01","id":"26099","type":"RAYON","picto":null,"level":3,"sellerId":null,"slug":"ordinateurs-portables","selected":false,"children":[{"name":"Ordinateurs portables","code":"R21F01SF01SS01","id":"26107","type":"RAYON","picto":null,"level":4,"sellerId":null,"slug":"ordinateurs-portables","selected":false,"children":null,"layers":"\/navigation\/26107\/layers","link":"\/r\/informatique-bureau\/ordinateurs-tablettes\/ordinateurs-portables\/ordinateurs-portables"},{"name":"Ordinateurs portables gamer","code":"R21F01SF01SS02","id":"26108","type":"RAYON","picto":null,"level":4,"sellerId":null,"slug":"ordinateurs-portables-gamer","selected":false,"children":null,"layers":"\/navigation\/26108\/layers","link":"\/r\/informatique-bureau\/ordinateurs-tablettes\/ordinateurs-portables\/ordinateurs-portables-gamer"}],"layers":"\/navigation\/26099\/layers","link":"\/r\/informatique-bureau\/ordinateurs-tablettes\/ordinateurs-portables"},{"name":"Macbook ","code":"R21F01SF02","id":"26100","type":"RAYON","picto":null,"level":3,"sellerId":null,"slug":"macbook","selected":false,"children":[{"name":"Macbook Air","code":"R21F01SF02SS01","id":"26111","type":"RAYON","picto":null,"level":4,"sellerId":null,"slug":"macbook-air","selected":false,"children":null,"layers":"\/navigation\/26111\/layers","link":"\/r\/informatique-bureau\/ordinateurs-tablettes\/macbook\/macbook-air"},{"name":"Macbook Pro ","code":"R21F01SF02SS02","id":"26112","type":"RAYON","picto":null,"level":4,"sellerId":null,"slug":"macbook-pro","selected":false,"children":null,"layers":"\/navigation\/26112\/layers","link":"\/r\/informatique-bureau\/ordinateurs-tablettes\/macbook\/macbook-pro"}],"layers":"\/navigation\/26100\/layers","link":"\/r\/informatique-bureau\/ordinateurs-tablettes\/macbook"},{"name":"Ordinateurs de bureau","code":"R21F01SF03","id":"26101","type":"RAYON","picto":null,"level":3,"sellerId":null,"slug":"ordinateurs-de-bureau","selected":false,"children":[{"name":"Ordinateurs tout-en-un","code":"R21F01SF03SS01","id":"26114","type":"RAYON","picto":null,"level":4,"sellerId":null,"slug":"ordinateurs-tout-en-un","selected":false,"children":null,"layers":"\/navigation\/26114\/layers","link":"\/r\/informatique-bureau\/ordinateurs-tablettes\/ordinateurs-de-bureau\/ordinateurs-tout-en-un"},{"name":"Unit\u00e9s centrales","code":"R21F01SF03SS02","id":"26115","type":"RAYON","picto":null,"level":4,"sellerId":null,"slug":"unites-centrales","selected":false,"children":null,"layers":"\/navigation\/26115\/layers","link":"\/r\/informatique-bureau\/ordinateurs-tablettes\/ordinateurs-de-bureau\/unites-centrales"},{"name":"PC gamer","code":"R21F01SF03SS03","id":"26116","type":"RAYON","picto":null,"level":4,"sellerId":null,"slug":"pc-gamer","selected":false,"children":null,"layers":"\/navigation\/26116\/layers","link":"\/r\/informatique-bureau\/ordinateurs-tablettes\/ordinateurs-de-bureau\/pc-gamer"}],"layers":"\/navigation\/26101\/layers","link":"\/r\/informatique-bureau\/ordinateurs-tablettes\/ordinateurs-de-bureau"},{"name":"iMac","code":"R21F01SF04","id":"26102","type":"RAYON","picto":null,"level":3,"sellerId":null,"slug":"imac","selected":false,"children":[{"name":"iMac ","code":"R21F01SF04SS01","id":"26117","type":"RAYON","picto":null,"level":4,"sellerId":null,"slug":"imac","selected":false,"children":null,"layers":"\/navigation\/26117\/layers","link":"\/r\/informatique-bureau\/ordinateurs-tablettes\/imac\/imac"},{"name":"Mac Mini","code":"R21F01SF04SS02","id":"26118","type":"RAYON","picto":null,"level":4,"sellerId":null,"slug":"mac-mini","selected":false,"children":null,"layers":"\/navigation\/26118\/layers","link":"\/r\/informatique-bureau\/ordinateurs-tablettes\/imac\/mac-mini"}],"layers":"\/navigation\/26102\/layers","link":"\/r\/informatique-bureau\/ordinateurs-tablettes\/imac"},{"name":"Tablettes et iPad","code":"R21F01SF05","id":"26103","type":"RAYON","picto":null,"level":3,"sellerId":null,"slug":"tablettes-ipad","selected":false,"children":[{"name":"Tablettes tactiles","code":"R21F01SF05SS01","id":"26120","type":"RAYON","picto":null,"level":4,"sellerId":null,"slug":"tablettes-tactiles","selected":false,"children":null,"layers":"\/navigation\/26120\/layers","link":"\/r\/informatique-bureau\/ordinateurs-tablettes\/tablettes-ipad\/tablettes-tactiles"},{"name":"iPad ","code":"R21F01SF05SS02","id":"26121","type":"RAYON","picto":null,"level":4,"sellerId":null,"slug":"ipad","selected":false,"children":null,"layers":"\/navigation\/26121\/layers","link":"\/r\/informatique-bureau\/ordinateurs-tablettes\/tablettes-ipad\/ipad"},{"name":"Accessoires de tablette","code":"R21F01SF05SS03","id":"26122","type":"RAYON","picto":null,"level":4,"sellerId":null,"slug":"accessoires-de-tablette","selected":false,"children":null,"layers":"\/navigation\/26122\/layers","link":"\/r\/informatique-bureau\/ordinateurs-tablettes\/tablettes-ipad\/accessoires-de-tablette"}],"layers":"\/navigation\/26103\/layers","link":"\/r\/informatique-bureau\/ordinateurs-tablettes\/tablettes-ipad"},{"name":"Ecran PC","code":"R21F01SF06","id":"26104","type":"RAYON","picto":null,"level":3,"sellerId":null,"slug":"ecran-pc","selected":false,"children":[{"name":"Ecran incurv\u00e9","code":"R21F01SF06SS01","id":"26123","type":"RAYON","picto":null,"level":4,"sellerId":null,"slug":"ecran-incurve","selected":false,"children":null,"layers":"\/navigation\/26123\/layers","link":"\/r\/informatique-bureau\/ordinateurs-tablettes\/ecran-pc\/ecran-incurve"},{"name":"Ecran PC gaming ","code":"R21F01SF06SS02","id":"26124","type":"RAYON","picto":null,"level":4,"sellerId":null,"slug":"ecran-pc-gaming","selected":false,"children":null,"layers":"\/navigation\/26124\/layers","link":"\/r\/informatique-bureau\/ordinateurs-tablettes\/ecran-pc\/ecran-pc-gaming"},{"name":"Ecran PC 4K","code":"R21F01SF06SS03","id":"26125","type":"RAYON","picto":null,"level":4,"sellerId":null,"slug":"ecran-pc-4k","selected":false,"children":null,"layers":"\/navigation\/26125\/layers","link":"\/r\/informatique-bureau\/ordinateurs-tablettes\/ecran-pc\/ecran-pc-4k"}],"layers":"\/navigation\/26104\/layers","link":"\/r\/informatique-bureau\/ordinateurs-tablettes\/ecran-pc"},{"name":"P\u00e9riph\u00e9riques et Accessoires d'ordinateur","code":"R21F01SF07","id":"26105","type":"RAYON","picto":null,"level":3,"sellerId":null,"slug":"peripheriques-accessoires-ordinateur","selected":false,"children":[{"name":"Claviers et Souris","code":"R21F01SF07SS01","id":"26126","type":"RAYON","picto":null,"level":4,"sellerId":null,"slug":"claviers-souris","selected":false,"children":null,"layers":"\/navigation\/26126\/layers","link":"\/r\/informatique-bureau\/ordinateurs-tablettes\/peripheriques-accessoires-ordinateur\/claviers-souris"},{"name":"Casques, Micros et Enceintes","code":"R21F01SF07SS02","id":"26127","type":"RAYON","picto":null,"level":4,"sellerId":null,"slug":"casques-micros-enceintes","selected":false,"children":null,"layers":"\/navigation\/26127\/layers","link":"\/r\/informatique-bureau\/ordinateurs-tablettes\/peripheriques-accessoires-ordinateur\/casques-micros-enceintes"},{"name":"Housses et Sacoches","code":"R21F01SF07SS03","id":"26128","type":"RAYON","picto":null,"level":4,"sellerId":null,"slug":"housses-sacoches","selected":false,"children":null,"layers":"\/navigation\/26128\/layers","link":"\/r\/informatique-bureau\/ordinateurs-tablettes\/peripheriques-accessoires-ordinateur\/housses-sacoches"},{"name":"R\u00e9seau connectique : C\u00e2bles, Prises et Routeurs","code":"R21F01SF07SS04","id":"26129","type":"RAYON","picto":null,"level":4,"sellerId":null,"slug":"reseau-connectique-cables-prises-routeurs","selected":false,"children":null,"layers":"\/navigation\/26129\/layers","link":"\/r\/informatique-bureau\/ordinateurs-tablettes\/peripheriques-accessoires-ordinateur\/reseau-connectique-cables-prises-routeurs"},{"name":"Accessoires Gaming","code":"R21F01SF07SS05","id":"26130","type":"RAYON","picto":null,"level":4,"sellerId":null,"slug":"accessoires-gaming","selected":false,"children":null,"layers":"\/navigation\/26130\/layers","link":"\/r\/informatique-bureau\/ordinateurs-tablettes\/peripheriques-accessoires-ordinateur\/accessoires-gaming"},{"name":"Autres accessoires","code":"R21F01SF07SS06","id":"26131","type":"RAYON","picto":null,"level":4,"sellerId":null,"slug":"autres-accessoires","selected":false,"children":null,"layers":"\/navigation\/26131\/layers","link":"\/r\/informatique-bureau\/ordinateurs-tablettes\/peripheriques-accessoires-ordinateur\/autres-accessoires"}],"layers":"\/navigation\/26105\/layers","link":"\/r\/informatique-bureau\/ordinateurs-tablettes\/peripheriques-accessoires-ordinateur"},{"name":"Stockage","code":"R21F01SF08","id":"26106","type":"RAYON","picto":null,"level":3,"sellerId":null,"slug":"stockage","selected":false,"children":[{"name":"Disques durs","code":"R21F01SF08SS01","id":"26133","type":"RAYON","picto":null,"level":4,"sellerId":null,"slug":"disques-durs","selected":false,"children":null,"layers":"\/navigation\/26133\/layers","link":"\/r\/informatique-bureau\/ordinateurs-tablettes\/stockage\/disques-durs"},{"name":"Cl\u00e9s USB","code":"R21F01SF08SS02","id":"26134","type":"RAYON","picto":null,"level":4,"sellerId":null,"slug":"cles-usb","selected":false,"children":null,"layers":"\/navigation\/26134\/layers","link":"\/r\/informatique-bureau\/ordinateurs-tablettes\/stockage\/cles-usb"},{"name":"Cartes m\u00e9moire","code":"R21F01SF08SS03","id":"26135","type":"RAYON","picto":null,"level":4,"sellerId":null,"slug":"cartes-memoires","selected":false,"children":null,"layers":"\/navigation\/26135\/layers","link":"\/r\/informatique-bureau\/ordinateurs-tablettes\/stockage\/cartes-memoires"}],"layers":"\/navigation\/26106\/layers","link":"\/r\/informatique-bureau\/ordinateurs-tablettes\/stockage"}],"layers":"\/navigation\/26040\/layers","link":"\/r\/informatique-bureau\/ordinateurs-tablettes"},{"name":"Imprimantes et Consommables","code":"R21F02","id":"26042","type":"RAYON","picto":null,"level":2,"sellerId":null,"slug":"imprimantes-consommables","selected":false,"children":[{"name":"Imprimantes multifonctions","code":"R21F02SF01","id":"26888","type":"RAYON","picto":null,"level":3,"sellerId":null,"slug":"imprimantes-multifonctions","selected":false,"children":null,"layers":"\/navigation\/26888\/layers","link":"\/r\/informatique-bureau\/imprimantes-consommables\/imprimantes-multifonctions"},{"name":"Imprimantes tout-en-un","code":"R21F02SF03","id":"26889","type":"RAYON","picto":null,"level":3,"sellerId":null,"slug":"imprimante-tout-en-un","selected":false,"children":null,"layers":"\/navigation\/26889\/layers","link":"\/r\/informatique-bureau\/imprimantes-consommables\/imprimante-tout-en-un"},{"name":"Imprimantes photo","code":"R21F02SF04","id":"26139","type":"RAYON","picto":null,"level":3,"sellerId":null,"slug":"imprimantes-photo","selected":false,"children":null,"layers":"\/navigation\/26139\/layers","link":"\/r\/informatique-bureau\/imprimantes-consommables\/imprimantes-photo"},{"name":"Cartouches d'encre ","code":"R21F02SF06","id":"26142","type":"RAYON","picto":null,"level":3,"sellerId":null,"slug":"cartouches-dencre","selected":false,"children":null,"layers":"\/navigation\/26142\/layers","link":"\/r\/informatique-bureau\/imprimantes-consommables\/cartouches-dencre"},{"name":"Papier imprimante","code":"R21F02SF07","id":"26144","type":"RAYON","picto":null,"level":3,"sellerId":null,"slug":"papier-dimprimante","selected":false,"children":null,"layers":"\/navigation\/26144\/layers","link":"\/r\/informatique-bureau\/imprimantes-consommables\/papier-dimprimante"}],"layers":"\/navigation\/26042\/layers","link":"\/r\/informatique-bureau\/imprimantes-consommables"},{"name":"Fournitures scolaires et Papeterie","code":"R21F03","id":"26044","type":"RAYON","picto":null,"level":2,"sellerId":null,"slug":"fournitures-scolaires-papeterie","selected":false,"children":[{"name":"Cahiers et Feuilles","code":"R21F03SF01","id":"26160","type":"RAYON","picto":null,"level":3,"sellerId":null,"slug":"cahier-feuilles","selected":false,"children":[{"name":"Cahiers","code":"R21F03SF01SS01","id":"26175","type":"RAYON","picto":null,"level":4,"sellerId":null,"slug":"cahiers","selected":false,"children":null,"layers":"\/navigation\/26175\/layers","link":"\/r\/informatique-bureau\/fournitures-scolaires-papeterie\/cahier-feuilles\/cahiers"},{"name":"Feuilles","code":"R21F03SF01SS02","id":"26178","type":"RAYON","picto":null,"level":4,"sellerId":null,"slug":"feuilles","selected":false,"children":null,"layers":"\/navigation\/26178\/layers","link":"\/r\/informatique-bureau\/fournitures-scolaires-papeterie\/cahier-feuilles\/feuilles"},{"name":"Bloc-notes, Post-it et Carnets","code":"R21F03SF01SS03","id":"26181","type":"RAYON","picto":null,"level":4,"sellerId":null,"slug":"bloc-notes-post-it-carnets","selected":false,"children":null,"layers":"\/navigation\/26181\/layers","link":"\/r\/informatique-bureau\/fournitures-scolaires-papeterie\/cahier-feuilles\/bloc-notes-post-it-carnets"}],"layers":"\/navigation\/26160\/layers","link":"\/r\/informatique-bureau\/fournitures-scolaires-papeterie\/cahier-feuilles"},{"name":"Ecriture","code":"R21F03SF02","id":"26162","type":"RAYON","picto":null,"level":3,"sellerId":null,"slug":"ecriture","selected":false,"children":[{"name":"Stylos feutre et Rollers","code":"R21F03SF02SS01","id":"26183","type":"RAYON","picto":null,"level":4,"sellerId":null,"slug":"stylos-feutres-rollers","selected":false,"children":null,"layers":"\/navigation\/26183\/layers","link":"\/r\/informatique-bureau\/fournitures-scolaires-papeterie\/ecriture\/stylos-feutres-rollers"},{"name":"Stylos bille","code":"R21F03SF02SS02","id":"26184","type":"RAYON","picto":null,"level":4,"sellerId":null,"slug":"stylos-bille","selected":false,"children":null,"layers":"\/navigation\/26184\/layers","link":"\/r\/informatique-bureau\/fournitures-scolaires-papeterie\/ecriture\/stylos-bille"},{"name":"Stylos plume et Cartouches","code":"R21F03SF02SS03","id":"26186","type":"RAYON","picto":null,"level":4,"sellerId":null,"slug":"stylos-plume-cartouches","selected":false,"children":null,"layers":"\/navigation\/26186\/layers","link":"\/r\/informatique-bureau\/fournitures-scolaires-papeterie\/ecriture\/stylos-plume-cartouches"},{"name":"Effaceurs","code":"R21F03SF02SS04","id":"26188","type":"RAYON","picto":null,"level":4,"sellerId":null,"slug":"effaceurs","selected":false,"children":null,"layers":"\/navigation\/26188\/layers","link":"\/r\/informatique-bureau\/fournitures-scolaires-papeterie\/ecriture\/effaceurs"},{"name":"Crayons papier, Gommes et Taille-crayons","code":"R21F03SF02SS05","id":"26189","type":"RAYON","picto":null,"level":4,"sellerId":null,"slug":"crayons-papier-gomme-taille-crayons","selected":false,"children":null,"layers":"\/navigation\/26189\/layers","link":"\/r\/informatique-bureau\/fournitures-scolaires-papeterie\/ecriture\/crayons-papier-gomme-taille-crayons"},{"name":"Marqueurs et Surligneurs","code":"R21F03SF02SS06","id":"26191","type":"RAYON","picto":null,"level":4,"sellerId":null,"slug":"marqueurs-surligneurs","selected":false,"children":null,"layers":"\/navigation\/26191\/layers","link":"\/r\/informatique-bureau\/fournitures-scolaires-papeterie\/ecriture\/marqueurs-surligneurs"}],"layers":"\/navigation\/26162\/layers","link":"\/r\/informatique-bureau\/fournitures-scolaires-papeterie\/ecriture"},{"name":"Dessin","code":"R21F03SF03","id":"26163","type":"RAYON","picto":null,"level":3,"sellerId":null,"slug":"dessin","selected":false,"children":[{"name":"Papier dessin et sp\u00e9cial","code":"R21F03SF03SS01","id":"26193","type":"RAYON","picto":null,"level":4,"sellerId":null,"slug":"papier-dessin-special","selected":false,"children":null,"layers":"\/navigation\/26193\/layers","link":"\/r\/informatique-bureau\/fournitures-scolaires-papeterie\/dessin\/papier-dessin-special"},{"name":"Crayons de couleur","code":"R21F03SF03SS02","id":"26194","type":"RAYON","picto":null,"level":4,"sellerId":null,"slug":"crayons-de-couleur-","selected":false,"children":null,"layers":"\/navigation\/26194\/layers","link":"\/r\/informatique-bureau\/fournitures-scolaires-papeterie\/dessin\/crayons-de-couleur-"},{"name":"Feutres","code":"R21F03SF03SS03","id":"26196","type":"RAYON","picto":null,"level":4,"sellerId":null,"slug":"feutres","selected":false,"children":null,"layers":"\/navigation\/26196\/layers","link":"\/r\/informatique-bureau\/fournitures-scolaires-papeterie\/dessin\/feutres"},{"name":"Peintures, Blouses et Ardoises","code":"R21F03SF03SS04","id":"26197","type":"RAYON","picto":null,"level":4,"sellerId":null,"slug":"peintures-blouses-ardoises","selected":false,"children":null,"layers":"\/navigation\/26197\/layers","link":"\/r\/informatique-bureau\/fournitures-scolaires-papeterie\/dessin\/peintures-blouses-ardoises"}],"layers":"\/navigation\/26163\/layers","link":"\/r\/informatique-bureau\/fournitures-scolaires-papeterie\/dessin"},{"name":"Petites fournitures","code":"R21F03SF04","id":"26165","type":"RAYON","picto":null,"level":3,"sellerId":null,"slug":"petites-fournitures","selected":false,"children":[{"name":"Agrafeuses et Perforatrices","code":"R21F03SF04SS01","id":"26199","type":"RAYON","picto":null,"level":4,"sellerId":null,"slug":"agrafeuses-perforatrices","selected":false,"children":null,"layers":"\/navigation\/26199\/layers","link":"\/r\/informatique-bureau\/fournitures-scolaires-papeterie\/petites-fournitures\/agrafeuses-perforatrices"},{"name":"Ciseaux et Coupe","code":"R21F03SF04SS02","id":"26201","type":"RAYON","picto":null,"level":4,"sellerId":null,"slug":"ciseaux-coupe","selected":false,"children":null,"layers":"\/navigation\/26201\/layers","link":"\/r\/informatique-bureau\/fournitures-scolaires-papeterie\/petites-fournitures\/ciseaux-coupe"},{"name":"R\u00e8gles, Equerres et Rapporteurs","code":"R21F03SF04SS03","id":"26203","type":"RAYON","picto":null,"level":4,"sellerId":null,"slug":"regles-equerres-rapporteurs","selected":false,"children":null,"layers":"\/navigation\/26203\/layers","link":"\/r\/informatique-bureau\/fournitures-scolaires-papeterie\/petites-fournitures\/regles-equerres-rapporteurs"},{"name":"Colles, Adh\u00e9sifs et Oeillets","code":"R21F03SF04SS04","id":"26207","type":"RAYON","picto":null,"level":4,"sellerId":null,"slug":"colles-adhesifs-oeuillets","selected":false,"children":null,"layers":"\/navigation\/26207\/layers","link":"\/r\/informatique-bureau\/fournitures-scolaires-papeterie\/petites-fournitures\/colles-adhesifs-oeuillets"},{"name":"Etiquettes et Tampons","code":"R21F03SF04SS05","id":"26209","type":"RAYON","picto":null,"level":4,"sellerId":null,"slug":"etiquettes-tampons","selected":false,"children":null,"layers":"\/navigation\/26209\/layers","link":"\/r\/informatique-bureau\/fournitures-scolaires-papeterie\/petites-fournitures\/etiquettes-tampons"}],"layers":"\/navigation\/26165\/layers","link":"\/r\/informatique-bureau\/fournitures-scolaires-papeterie\/petites-fournitures"},{"name":"Calculatrices","code":"R21F03SF05","id":"26166","type":"RAYON","picto":null,"level":3,"sellerId":null,"slug":"calculatrices","selected":false,"children":null,"layers":"\/navigation\/26166\/layers","link":"\/r\/informatique-bureau\/fournitures-scolaires-papeterie\/calculatrices"},{"name":"Classement et Protections","code":"R21F03SF07","id":"26170","type":"RAYON","picto":null,"level":3,"sellerId":null,"slug":"classement-protections","selected":false,"children":[{"name":"Classeurs et Intercalaires","code":"R21F03SF07SS01","id":"26217","type":"RAYON","picto":null,"level":4,"sellerId":null,"slug":"classeurs-intercalaires","selected":false,"children":null,"layers":"\/navigation\/26217\/layers","link":"\/r\/informatique-bureau\/fournitures-scolaires-papeterie\/classement-protections\/classeurs-intercalaires"},{"name":"Chemises et Trieurs","code":"R21F03SF07SS02","id":"26220","type":"RAYON","picto":null,"level":4,"sellerId":null,"slug":"chemises-trieurs","selected":false,"children":null,"layers":"\/navigation\/26220\/layers","link":"\/r\/informatique-bureau\/fournitures-scolaires-papeterie\/classement-protections\/chemises-trieurs"},{"name":"Pochettes","code":"R21F03SF07SS03","id":"26232","type":"RAYON","picto":null,"level":4,"sellerId":null,"slug":"pochettes","selected":false,"children":null,"layers":"\/navigation\/26232\/layers","link":"\/r\/informatique-bureau\/fournitures-scolaires-papeterie\/classement-protections\/pochettes"},{"name":"Prot\u00e8ges cahier","code":"R21F03SF07SS04","id":"26221","type":"RAYON","picto":null,"level":4,"sellerId":null,"slug":"proteges-cahier","selected":false,"children":null,"layers":"\/navigation\/26221\/layers","link":"\/r\/informatique-bureau\/fournitures-scolaires-papeterie\/classement-protections\/proteges-cahier"}],"layers":"\/navigation\/26170\/layers","link":"\/r\/informatique-bureau\/fournitures-scolaires-papeterie\/classement-protections"},{"name":"Agendas et Accessoires de bureau","code":"R21F03SF08","id":"26172","type":"RAYON","picto":null,"level":3,"sellerId":null,"slug":"agendas-accessoires-de-bureau","selected":false,"children":[{"name":"Enveloppes et Papier \u00e0 lettre","code":"R21F03SF08SS01","id":"26223","type":"RAYON","picto":null,"level":4,"sellerId":null,"slug":"enveloppes-papier-a-lettre","selected":false,"children":null,"layers":"\/navigation\/26223\/layers","link":"\/r\/informatique-bureau\/fournitures-scolaires-papeterie\/agendas-accessoires-de-bureau\/enveloppes-papier-a-lettre"},{"name":"Carterie","code":"R21F03SF08SS02","id":"26225","type":"RAYON","picto":null,"level":4,"sellerId":null,"slug":"carterie","selected":false,"children":null,"layers":"\/navigation\/26225\/layers","link":"\/r\/informatique-bureau\/fournitures-scolaires-papeterie\/agendas-accessoires-de-bureau\/carterie"},{"name":"Agendas, Journaux et Calendriers","code":"R21F03SF08SS03","id":"26227","type":"RAYON","picto":null,"level":4,"sellerId":null,"slug":"agendas-journaux-calendriers","selected":false,"children":null,"layers":"\/navigation\/26227\/layers","link":"\/r\/informatique-bureau\/fournitures-scolaires-papeterie\/agendas-accessoires-de-bureau\/agendas-journaux-calendriers"},{"name":"Trombones et autres fournitures de bureau","code":"R21F03SF08SS05","id":"26231","type":"RAYON","picto":null,"level":4,"sellerId":null,"slug":"trombones-autres-fournitures-bureau","selected":false,"children":null,"layers":"\/navigation\/26231\/layers","link":"\/r\/informatique-bureau\/fournitures-scolaires-papeterie\/agendas-accessoires-de-bureau\/trombones-autres-fournitures-bureau"},{"name":"Papier cadeau et Boites","code":"R21F03SF08SS06","id":"26234","type":"RAYON","picto":null,"level":4,"sellerId":null,"slug":"papier-cadeau-boites","selected":false,"children":null,"layers":"\/navigation\/26234\/layers","link":"\/r\/informatique-bureau\/fournitures-scolaires-papeterie\/agendas-accessoires-de-bureau\/papier-cadeau-boites"}],"layers":"\/navigation\/26172\/layers","link":"\/r\/informatique-bureau\/fournitures-scolaires-papeterie\/agendas-accessoires-de-bureau"},{"name":"Albums photo","code":"R21F03SF09","id":"26174","type":"RAYON","picto":null,"level":3,"sellerId":null,"slug":"albums-photo","selected":false,"children":null,"layers":"\/navigation\/26174\/layers","link":"\/r\/informatique-bureau\/fournitures-scolaires-papeterie\/albums-photo"}],"layers":"\/navigation\/26044\/layers","link":"\/r\/informatique-bureau\/fournitures-scolaires-papeterie"}],"layers":"\/navigation\/26018\/layers","link":"\/r\/informatique-bureau"},{"name":"Jouets, Sports et Loisirs","code":"R22","id":"26590","type":"RAYON","picto":"https:\/\/media.carrefour.fr\/medias\/b977286587613675b3dfa62218d5f32e\/p_96x96\/26590.jpg","level":1,"sellerId":null,"slug":"jouets-sports-loisirs","selected":false,"children":[{"name":"Jeux et Jouets","code":"R22F01","id":"26068","type":"RAYON","picto":null,"level":2,"sellerId":null,"slug":"jeux-jouets","selected":false,"children":[{"name":"Jouets 1er \u00e2ge et Peluches","code":"R22F01SF01","id":"26289","type":"RAYON","picto":null,"level":3,"sellerId":null,"slug":"jouets-1-age-peluches","selected":false,"children":[{"name":"Peluches","code":"R22F01SF01SS01","id":"26529","type":"RAYON","picto":null,"level":4,"sellerId":null,"slug":"peluches","selected":false,"children":null,"layers":"\/navigation\/26529\/layers","link":"\/r\/jouets-sports-loisirs\/jeux-jouets\/jouets-1-age-peluches\/peluches"},{"name":"Jouets d'\u00e9veil ","code":"R22F01SF01SS02","id":"26530","type":"RAYON","picto":null,"level":4,"sellerId":null,"slug":"jouets-eveil","selected":false,"children":null,"layers":"\/navigation\/26530\/layers","link":"\/r\/jouets-sports-loisirs\/jeux-jouets\/jouets-1-age-peluches\/jouets-eveil"},{"name":"Jouets de bain","code":"R22F01SF01SS03","id":"26531","type":"RAYON","picto":null,"level":4,"sellerId":null,"slug":"jouets-de-bain","selected":false,"children":null,"layers":"\/navigation\/26531\/layers","link":"\/r\/jouets-sports-loisirs\/jeux-jouets\/jouets-1-age-peluches\/jouets-de-bain"},{"name":"Jouets de construction et assemblage","code":"R22F01SF01SS04","id":"26532","type":"RAYON","picto":null,"level":4,"sellerId":null,"slug":"jouets-construction-assemblage","selected":false,"children":null,"layers":"\/navigation\/26532\/layers","link":"\/r\/jouets-sports-loisirs\/jeux-jouets\/jouets-1-age-peluches\/jouets-construction-assemblage"},{"name":"Tapis, Mobiles et Veilleuses","code":"R22F01SF01SS05","id":"26533","type":"RAYON","picto":null,"level":4,"sellerId":null,"slug":"tapis-mobiles-veilleuses","selected":false,"children":null,"layers":"\/navigation\/26533\/layers","link":"\/r\/jouets-sports-loisirs\/jeux-jouets\/jouets-1-age-peluches\/tapis-mobiles-veilleuses"},{"name":"Jouets en bois ","code":"R22F01SF01SS06","id":"26534","type":"RAYON","picto":null,"level":4,"sellerId":null,"slug":"jouets-en-bois","selected":false,"children":null,"layers":"\/navigation\/26534\/layers","link":"\/r\/jouets-sports-loisirs\/jeux-jouets\/jouets-1-age-peluches\/jouets-en-bois"},{"name":"Hochets et Anneaux","code":"R22F01SF01SS07","id":"26535","type":"RAYON","picto":null,"level":4,"sellerId":null,"slug":"hochets-anneaux","selected":false,"children":null,"layers":"\/navigation\/26535\/layers","link":"\/r\/jouets-sports-loisirs\/jeux-jouets\/jouets-1-age-peluches\/hochets-anneaux"}],"layers":"\/navigation\/26289\/layers","link":"\/r\/jouets-sports-loisirs\/jeux-jouets\/jouets-1-age-peluches"},{"name":"Jeux \u00e9ducatifs","code":"R22F01SF02","id":"26288","type":"RAYON","picto":null,"level":3,"sellerId":null,"slug":"jeux-educatifs","selected":false,"children":[{"name":"Ordinateurs et Tablettes enfants \u00e9lectroniques","code":"R22F01SF02SS01","id":"26525","type":"RAYON","picto":null,"level":4,"sellerId":null,"slug":"ordinateurs-tablettes-enfants-electroniques","selected":false,"children":null,"layers":"\/navigation\/26525\/layers","link":"\/r\/jouets-sports-loisirs\/jeux-jouets\/jeux-educatifs\/ordinateurs-tablettes-enfants-electroniques"},{"name":"Jeux \u00e9ducatifs ","code":"R22F01SF02SS02","id":"26528","type":"RAYON","picto":null,"level":4,"sellerId":null,"slug":"jeux-educatifs","selected":false,"children":null,"layers":"\/navigation\/26528\/layers","link":"\/r\/jouets-sports-loisirs\/jeux-jouets\/jeux-educatifs\/jeux-educatifs"},{"name":"Jeux scientifiques","code":"R22F01SF02SS03","id":"26526","type":"RAYON","picto":null,"level":4,"sellerId":null,"slug":"jeux-scientifiques","selected":false,"children":null,"layers":"\/navigation\/26526\/layers","link":"\/r\/jouets-sports-loisirs\/jeux-jouets\/jeux-educatifs\/jeux-scientifiques"},{"name":"Premiers apprentissages","code":"R22F01SF02SS04","id":"26527","type":"RAYON","picto":null,"level":4,"sellerId":null,"slug":"premiers-apprentissages","selected":false,"children":null,"layers":"\/navigation\/26527\/layers","link":"\/r\/jouets-sports-loisirs\/jeux-jouets\/jeux-educatifs\/premiers-apprentissages"}],"layers":"\/navigation\/26288\/layers","link":"\/r\/jouets-sports-loisirs\/jeux-jouets\/jeux-educatifs"},{"name":"Jeux d'imitation et D\u00e9guisements","code":"R22F01SF03","id":"26290","type":"RAYON","picto":null,"level":3,"sellerId":null,"slug":"jeux-imitation-deguisements","selected":false,"children":[{"name":"Cuisines, Dinettes et Marchandes","code":"R22F01SF03SS01","id":"26537","type":"RAYON","picto":null,"level":4,"sellerId":null,"slug":"cuisines-dinettes-marchandes","selected":false,"children":null,"layers":"\/navigation\/26537\/layers","link":"\/r\/jouets-sports-loisirs\/jeux-jouets\/jeux-imitation-deguisements\/cuisines-dinettes-marchandes"},{"name":"Jouets de bricolage","code":"R22F01SF03SS02","id":"26538","type":"RAYON","picto":null,"level":4,"sellerId":null,"slug":"jouets-bricolage","selected":false,"children":null,"layers":"\/navigation\/26538\/layers","link":"\/r\/jouets-sports-loisirs\/jeux-jouets\/jeux-imitation-deguisements\/jouets-bricolage"},{"name":"M\u00e9nage","code":"R22F01SF03SS03","id":"26539","type":"RAYON","picto":null,"level":4,"sellerId":null,"slug":"menage","selected":false,"children":null,"layers":"\/navigation\/26539\/layers","link":"\/r\/jouets-sports-loisirs\/jeux-jouets\/jeux-imitation-deguisements\/menage"},{"name":"Docteur et V\u00e9t\u00e9rinaire","code":"R22F01SF03SS04","id":"26540","type":"RAYON","picto":null,"level":4,"sellerId":null,"slug":"docteur-veterinaire","selected":false,"children":null,"layers":"\/navigation\/26540\/layers","link":"\/r\/jouets-sports-loisirs\/jeux-jouets\/jeux-imitation-deguisements\/docteur-veterinaire"},{"name":"T\u00eates \u00e0 coiffer, Maquillage et Bijoux","code":"R22F01SF03SS05","id":"26536","type":"RAYON","picto":null,"level":4,"sellerId":null,"slug":"tetes-a-coiffer-maquillage-bijoux","selected":false,"children":null,"layers":"\/navigation\/26536\/layers","link":"\/r\/jouets-sports-loisirs\/jeux-jouets\/jeux-imitation-deguisements\/tetes-a-coiffer-maquillage-bijoux"},{"name":"D\u00e9guisements","code":"R22F01SF03SS06","id":"26541","type":"RAYON","picto":null,"level":4,"sellerId":null,"slug":"deguisements","selected":false,"children":null,"layers":"\/navigation\/26541\/layers","link":"\/r\/jouets-sports-loisirs\/jeux-jouets\/jeux-imitation-deguisements\/deguisements"}],"layers":"\/navigation\/26290\/layers","link":"\/r\/jouets-sports-loisirs\/jeux-jouets\/jeux-imitation-deguisements"},{"name":"Jeux de construction","code":"R22F01SF04","id":"26291","type":"RAYON","picto":null,"level":3,"sellerId":null,"slug":"jeux-construction","selected":false,"children":[{"name":"LEGO","code":"R22F01SF04SS01","id":"26542","type":"RAYON","picto":null,"level":4,"sellerId":null,"slug":"lego","selected":false,"children":null,"layers":"\/navigation\/26542\/layers","link":"\/r\/jouets-sports-loisirs\/jeux-jouets\/jeux-construction\/lego"},{"name":"Playmobil ","code":"R22F01SF04SS02","id":"26543","type":"RAYON","picto":null,"level":4,"sellerId":null,"slug":"playmobil","selected":false,"children":null,"layers":"\/navigation\/26543\/layers","link":"\/r\/jouets-sports-loisirs\/jeux-jouets\/jeux-construction\/playmobil"},{"name":"Meccano","code":"R22F01SF04SS03","id":"26545","type":"RAYON","picto":null,"level":4,"sellerId":null,"slug":"meccano","selected":false,"children":null,"layers":"\/navigation\/26545\/layers","link":"\/r\/jouets-sports-loisirs\/jeux-jouets\/jeux-construction\/meccano"},{"name":"Mega Blocks","code":"R22F01SF04SS04","id":"26546","type":"RAYON","picto":null,"level":4,"sellerId":null,"slug":"mega-blocks","selected":false,"children":null,"layers":"\/navigation\/26546\/layers","link":"\/r\/jouets-sports-loisirs\/jeux-jouets\/jeux-construction\/mega-blocks"},{"name":"Geo Mag","code":"R22F01SF04SS05","id":"26547","type":"RAYON","picto":null,"level":4,"sellerId":null,"slug":"geo-mag","selected":false,"children":null,"layers":"\/navigation\/26547\/layers","link":"\/r\/jouets-sports-loisirs\/jeux-jouets\/jeux-construction\/geo-mag"},{"name":"Jeux de construction en bois","code":"R22F01SF04SS06","id":"26544","type":"RAYON","picto":null,"level":4,"sellerId":null,"slug":"jeux-construction-en-bois","selected":false,"children":null,"layers":"\/navigation\/26544\/layers","link":"\/r\/jouets-sports-loisirs\/jeux-jouets\/jeux-construction\/jeux-construction-en-bois"},{"name":"Autres jeux de construction","code":"R22F01SF04SS07","id":"26903","type":"RAYON","picto":null,"level":4,"sellerId":null,"slug":"autres-jeux-de-construction","selected":false,"children":null,"layers":"\/navigation\/26903\/layers","link":"\/r\/jouets-sports-loisirs\/jeux-jouets\/jeux-construction\/autres-jeux-de-construction"}],"layers":"\/navigation\/26291\/layers","link":"\/r\/jouets-sports-loisirs\/jeux-jouets\/jeux-construction"},{"name":"V\u00e9hicules, Circuits et Garages","code":"R22F01SF05","id":"26297","type":"RAYON","picto":null,"level":3,"sellerId":null,"slug":"vehicules-circuits-garages","selected":false,"children":[{"name":"V\u00e9hicules t\u00e9l\u00e9command\u00e9s","code":"R22F01SF05SS01","id":"26572","type":"RAYON","picto":null,"level":4,"sellerId":null,"slug":"vehicules-telecommandes","selected":false,"children":null,"layers":"\/navigation\/26572\/layers","link":"\/r\/jouets-sports-loisirs\/jeux-jouets\/vehicules-circuits-garages\/vehicules-telecommandes"},{"name":"Circuits et Garages","code":"R22F01SF05SS02","id":"26575","type":"RAYON","picto":null,"level":4,"sellerId":null,"slug":"circuits-garages","selected":false,"children":null,"layers":"\/navigation\/26575\/layers","link":"\/r\/jouets-sports-loisirs\/jeux-jouets\/vehicules-circuits-garages\/circuits-garages"},{"name":"Robots et Drones","code":"R22F01SF05SS03","id":"26576","type":"RAYON","picto":null,"level":4,"sellerId":null,"slug":"robots-drones","selected":false,"children":null,"layers":"\/navigation\/26576\/layers","link":"\/r\/jouets-sports-loisirs\/jeux-jouets\/vehicules-circuits-garages\/robots-drones"},{"name":"V\u00e9hicules transformables","code":"R22F01SF05SS04","id":"26577","type":"RAYON","picto":null,"level":4,"sellerId":null,"slug":"vehicules-transformables","selected":false,"children":null,"layers":"\/navigation\/26577\/layers","link":"\/r\/jouets-sports-loisirs\/jeux-jouets\/vehicules-circuits-garages\/vehicules-transformables"},{"name":"V\u00e9hicules miniatures","code":"R22F01SF05SS05","id":"26574","type":"RAYON","picto":null,"level":4,"sellerId":null,"slug":"vehicules-miniatures","selected":false,"children":null,"layers":"\/navigation\/26574\/layers","link":"\/r\/jouets-sports-loisirs\/jeux-jouets\/vehicules-circuits-garages\/vehicules-miniatures"},{"name":"V\u00e9hicules \u00e0 fonction","code":"R22F01SF05SS06","id":"26571","type":"RAYON","picto":null,"level":4,"sellerId":null,"slug":"vehicules-a-fonction","selected":false,"children":null,"layers":"\/navigation\/26571\/layers","link":"\/r\/jouets-sports-loisirs\/jeux-jouets\/vehicules-circuits-garages\/vehicules-a-fonction"},{"name":"V\u00e9hicules de chantier","code":"R22F01SF05SS07","id":"26578","type":"RAYON","picto":null,"level":4,"sellerId":null,"slug":"vehicules-chantier","selected":false,"children":null,"layers":"\/navigation\/26578\/layers","link":"\/r\/jouets-sports-loisirs\/jeux-jouets\/vehicules-circuits-garages\/vehicules-chantier"},{"name":"V\u00e9hicules de secours","code":"R22F01SF05SS08","id":"26579","type":"RAYON","picto":null,"level":4,"sellerId":null,"slug":"vehicules-secours","selected":false,"children":null,"layers":"\/navigation\/26579\/layers","link":"\/r\/jouets-sports-loisirs\/jeux-jouets\/vehicules-circuits-garages\/vehicules-secours"},{"name":"V\u00e9hicules de collection","code":"R22F01SF05SS09","id":"26573","type":"RAYON","picto":null,"level":4,"sellerId":null,"slug":"vehicules-collection","selected":false,"children":null,"layers":"\/navigation\/26573\/layers","link":"\/r\/jouets-sports-loisirs\/jeux-jouets\/vehicules-circuits-garages\/vehicules-collection"}],"layers":"\/navigation\/26297\/layers","link":"\/r\/jouets-sports-loisirs\/jeux-jouets\/vehicules-circuits-garages"},{"name":"Poup\u00e9es","code":"R22F01SF06","id":"26294","type":"RAYON","picto":null,"level":3,"sellerId":null,"slug":"poupees","selected":false,"children":[{"name":"Poup\u00e9es et poupons","code":"R22F01SF06SS01","id":"26562","type":"RAYON","picto":null,"level":4,"sellerId":null,"slug":"poupees-poupons","selected":false,"children":null,"layers":"\/navigation\/26562\/layers","link":"\/r\/jouets-sports-loisirs\/jeux-jouets\/poupees\/poupees-poupons"},{"name":"Poup\u00e9es mannequins ","code":"R22F01SF06SS02","id":"26561","type":"RAYON","picto":null,"level":4,"sellerId":null,"slug":"poupees-mannequins","selected":false,"children":null,"layers":"\/navigation\/26561\/layers","link":"\/r\/jouets-sports-loisirs\/jeux-jouets\/poupees\/poupees-mannequins"},{"name":"Accessoires de poup\u00e9e et pu\u00e9riculture","code":"R22F01SF06SS03","id":"26563","type":"RAYON","picto":null,"level":4,"sellerId":null,"slug":"accessoires-poupee-puericulture","selected":false,"children":null,"layers":"\/navigation\/26563\/layers","link":"\/r\/jouets-sports-loisirs\/jeux-jouets\/poupees\/accessoires-poupee-puericulture"}],"layers":"\/navigation\/26294\/layers","link":"\/r\/jouets-sports-loisirs\/jeux-jouets\/poupees"},{"name":"Figurines","code":"R22F01SF07","id":"26295","type":"RAYON","picto":null,"level":3,"sellerId":null,"slug":"figurines","selected":false,"children":[{"name":"POP!","code":"R22F01SF07SS01","id":"26564","type":"RAYON","picto":null,"level":4,"sellerId":null,"slug":"pop","selected":false,"children":null,"layers":"\/navigation\/26564\/layers","link":"\/r\/jouets-sports-loisirs\/jeux-jouets\/figurines\/pop"},{"name":"Mini-univers","code":"R22F01SF07SS02","id":"26565","type":"RAYON","picto":null,"level":4,"sellerId":null,"slug":"mini-univers","selected":false,"children":null,"layers":"\/navigation\/26565\/layers","link":"\/r\/jouets-sports-loisirs\/jeux-jouets\/figurines\/mini-univers"},{"name":"Animaux","code":"R22F01SF07SS03","id":"26566","type":"RAYON","picto":null,"level":4,"sellerId":null,"slug":"animaux","selected":false,"children":null,"layers":"\/navigation\/26566\/layers","link":"\/r\/jouets-sports-loisirs\/jeux-jouets\/figurines\/animaux"},{"name":"Super-h\u00e9ros","code":"R22F01SF07SS04","id":"26567","type":"RAYON","picto":null,"level":4,"sellerId":null,"slug":"super-heros","selected":false,"children":null,"layers":"\/navigation\/26567\/layers","link":"\/r\/jouets-sports-loisirs\/jeux-jouets\/figurines\/super-heros"}],"layers":"\/navigation\/26295\/layers","link":"\/r\/jouets-sports-loisirs\/jeux-jouets\/figurines"},{"name":"Activit\u00e9s cr\u00e9atives et manuelles","code":"R22F01SF08","id":"26292","type":"RAYON","picto":null,"level":3,"sellerId":null,"slug":"activites-creatives-manuelles","selected":false,"children":[{"name":"P\u00e2te \u00e0 modeler","code":"R22F01SF08SS01","id":"26548","type":"RAYON","picto":null,"level":4,"sellerId":null,"slug":"pate-a-modeler","selected":false,"children":null,"layers":"\/navigation\/26548\/layers","link":"\/r\/jouets-sports-loisirs\/jeux-jouets\/activites-creatives-manuelles\/pate-a-modeler"},{"name":"Slime","code":"R22F01SF08SS02","id":"26549","type":"RAYON","picto":null,"level":4,"sellerId":null,"slug":"slime","selected":false,"children":null,"layers":"\/navigation\/26549\/layers","link":"\/r\/jouets-sports-loisirs\/jeux-jouets\/activites-creatives-manuelles\/slime"},{"name":"Dessin et Peinture","code":"R22F01SF08SS03","id":"26550","type":"RAYON","picto":null,"level":4,"sellerId":null,"slug":"dessin-peinture","selected":false,"children":null,"layers":"\/navigation\/26550\/layers","link":"\/r\/jouets-sports-loisirs\/jeux-jouets\/activites-creatives-manuelles\/dessin-peinture"},{"name":"Loisirs cr\u00e9atifs","code":"R22F01SF08SS04","id":"26552","type":"RAYON","picto":null,"level":4,"sellerId":null,"slug":"loisirs-creatifs","selected":false,"children":null,"layers":"\/navigation\/26552\/layers","link":"\/r\/jouets-sports-loisirs\/jeux-jouets\/activites-creatives-manuelles\/loisirs-creatifs"},{"name":"Perles et Mosa\u00efques","code":"R22F01SF08SS05","id":"26884","type":"RAYON","picto":null,"level":4,"sellerId":null,"slug":"perles-mosaiques","selected":false,"children":null,"layers":"\/navigation\/26884\/layers","link":"\/r\/jouets-sports-loisirs\/jeux-jouets\/activites-creatives-manuelles\/perles-mosaiques"},{"name":"Ardoises magiques","code":"R22F01SF08SS06","id":"26551","type":"RAYON","picto":null,"level":4,"sellerId":null,"slug":"ardoises-magiques","selected":false,"children":null,"layers":"\/navigation\/26551\/layers","link":"\/r\/jouets-sports-loisirs\/jeux-jouets\/activites-creatives-manuelles\/ardoises-magiques"}],"layers":"\/navigation\/26292\/layers","link":"\/r\/jouets-sports-loisirs\/jeux-jouets\/activites-creatives-manuelles"},{"name":"Jeux de soci\u00e9t\u00e9 et Puzzles","code":"R22F01SF09","id":"26293","type":"RAYON","picto":null,"level":3,"sellerId":null,"slug":"jeux-societe-puzzle","selected":false,"children":[{"name":"Jeux en famille","code":"R22F01SF09SS01","id":"26553","type":"RAYON","picto":null,"level":4,"sellerId":null,"slug":"jeux-en-famille","selected":false,"children":null,"layers":"\/navigation\/26553\/layers","link":"\/r\/jouets-sports-loisirs\/jeux-jouets\/jeux-societe-puzzle\/jeux-en-famille"},{"name":"Jeux classiques","code":"R22F01SF09SS02","id":"26557","type":"RAYON","picto":null,"level":4,"sellerId":null,"slug":"jeux-classiques","selected":false,"children":null,"layers":"\/navigation\/26557\/layers","link":"\/r\/jouets-sports-loisirs\/jeux-jouets\/jeux-societe-puzzle\/jeux-classiques"},{"name":"Jeux d'ambiance","code":"R22F01SF09SS03","id":"26554","type":"RAYON","picto":null,"level":4,"sellerId":null,"slug":"jeux-ambiance","selected":false,"children":null,"layers":"\/navigation\/26554\/layers","link":"\/r\/jouets-sports-loisirs\/jeux-jouets\/jeux-societe-puzzle\/jeux-ambiance"},{"name":"Jeux d'action","code":"R22F01SF09SS04","id":"26556","type":"RAYON","picto":null,"level":4,"sellerId":null,"slug":"jeux-action","selected":false,"children":null,"layers":"\/navigation\/26556\/layers","link":"\/r\/jouets-sports-loisirs\/jeux-jouets\/jeux-societe-puzzle\/jeux-action"},{"name":"Jeux enfants","code":"R22F01SF09SS05","id":"26558","type":"RAYON","picto":null,"level":4,"sellerId":null,"slug":"jeux-enfants","selected":false,"children":null,"layers":"\/navigation\/26558\/layers","link":"\/r\/jouets-sports-loisirs\/jeux-jouets\/jeux-societe-puzzle\/jeux-enfants"},{"name":"Jeux \u00e9lectroniques","code":"R22F01SF09SS06","id":"26559","type":"RAYON","picto":null,"level":4,"sellerId":null,"slug":"jeux-electroniques","selected":false,"children":null,"layers":"\/navigation\/26559\/layers","link":"\/r\/jouets-sports-loisirs\/jeux-jouets\/jeux-societe-puzzle\/jeux-electroniques"},{"name":"Malette jeux et magie","code":"R22F01SF09SS07","id":"26555","type":"RAYON","picto":null,"level":4,"sellerId":null,"slug":"malette-jeux-magie","selected":false,"children":null,"layers":"\/navigation\/26555\/layers","link":"\/r\/jouets-sports-loisirs\/jeux-jouets\/jeux-societe-puzzle\/malette-jeux-magie"},{"name":"Puzzles","code":"R22F01SF09SS08","id":"26560","type":"RAYON","picto":null,"level":4,"sellerId":null,"slug":"puzzles","selected":false,"children":null,"layers":"\/navigation\/26560\/layers","link":"\/r\/jouets-sports-loisirs\/jeux-jouets\/jeux-societe-puzzle\/puzzles"}],"layers":"\/navigation\/26293\/layers","link":"\/r\/jouets-sports-loisirs\/jeux-jouets\/jeux-societe-puzzle"},{"name":"Jeux de caf\u00e9, Ext\u00e9rieur et Sports","code":"R22F01SF10","id":"26296","type":"RAYON","picto":null,"level":3,"sellerId":null,"slug":"jeux-cafe-exterieur-sports","selected":false,"children":[{"name":"Jeux de tirs, d'adresse et Accessoires","code":"R22F01SF10SS01","id":"26568","type":"RAYON","picto":null,"level":4,"sellerId":null,"slug":"jeux-de-tirs-adresse-accessoires","selected":false,"children":null,"layers":"\/navigation\/26568\/layers","link":"\/r\/jouets-sports-loisirs\/jeux-jouets\/jeux-cafe-exterieur-sports\/jeux-de-tirs-adresse-accessoires"},{"name":"Flippers, Baby-foot et Billiards","code":"R22F01SF10SS02","id":"26569","type":"RAYON","picto":null,"level":4,"sellerId":null,"slug":"flippers-baby-foot-billiards","selected":false,"children":null,"layers":"\/navigation\/26569\/layers","link":"\/r\/jouets-sports-loisirs\/jeux-jouets\/jeux-cafe-exterieur-sports\/flippers-baby-foot-billiards"},{"name":"Talkie walkie","code":"R22F01SF10SS03","id":"26570","type":"RAYON","picto":null,"level":4,"sellerId":null,"slug":"talkie-walkie","selected":false,"children":null,"layers":"\/navigation\/26570\/layers","link":"\/r\/jouets-sports-loisirs\/jeux-jouets\/jeux-cafe-exterieur-sports\/talkie-walkie"}],"layers":"\/navigation\/26296\/layers","link":"\/r\/jouets-sports-loisirs\/jeux-jouets\/jeux-cafe-exterieur-sports"}],"layers":"\/navigation\/26068\/layers","link":"\/r\/jouets-sports-loisirs\/jeux-jouets"},{"name":"Sports","code":"R22F02","id":"26069","type":"RAYON","picto":null,"level":2,"sellerId":null,"slug":"sports","selected":false,"children":[{"name":"V\u00e9los","code":"R22F02SF01","id":"26298","type":"RAYON","picto":null,"level":3,"sellerId":null,"slug":"velos","selected":false,"children":[{"name":"V\u00e9los \u00e9lectriques","code":"R22F02SF01SS02","id":"26582","type":"RAYON","picto":null,"level":4,"sellerId":null,"slug":"velos-electriques","selected":false,"children":null,"layers":"\/navigation\/26582\/layers","link":"\/r\/jouets-sports-loisirs\/sports\/velos\/velos-electriques"},{"name":"V\u00e9los enfant","code":"R22F02SF01SS03","id":"26583","type":"RAYON","picto":null,"level":4,"sellerId":null,"slug":"velos-enfant","selected":false,"children":null,"layers":"\/navigation\/26583\/layers","link":"\/r\/jouets-sports-loisirs\/sports\/velos\/velos-enfant"},{"name":"Accessoires de v\u00e9lo","code":"R22F02SF01SS05","id":"26585","type":"RAYON","picto":null,"level":4,"sellerId":null,"slug":"accessoires-velo","selected":false,"children":null,"layers":"\/navigation\/26585\/layers","link":"\/r\/jouets-sports-loisirs\/sports\/velos\/accessoires-velo"}],"layers":"\/navigation\/26298\/layers","link":"\/r\/jouets-sports-loisirs\/sports\/velos"},{"name":"Trottinettes et Glisse urbaine","code":"R22F02SF02","id":"26299","type":"RAYON","picto":null,"level":3,"sellerId":null,"slug":"trottinettes-glisse-urbaine","selected":false,"children":[{"name":"Trottinettes \u00e9lectriques","code":"R22F02SF02SS01","id":"26586","type":"RAYON","picto":null,"level":4,"sellerId":null,"slug":"trottinettes-electriques","selected":false,"children":null,"layers":"\/navigation\/26586\/layers","link":"\/r\/jouets-sports-loisirs\/sports\/trottinettes-glisse-urbaine\/trottinettes-electriques"},{"name":"Trottinettes","code":"R22F02SF02SS02","id":"26587","type":"RAYON","picto":null,"level":4,"sellerId":null,"slug":"trottinettes","selected":false,"children":null,"layers":"\/navigation\/26587\/layers","link":"\/r\/jouets-sports-loisirs\/sports\/trottinettes-glisse-urbaine\/trottinettes"}],"layers":"\/navigation\/26299\/layers","link":"\/r\/jouets-sports-loisirs\/sports\/trottinettes-glisse-urbaine"},{"name":"Randonn\u00e9e et Camping","code":"R22F02SF03","id":"26300","type":"RAYON","picto":null,"level":3,"sellerId":null,"slug":"randonnee-camping","selected":false,"children":[{"name":"Tables et Chaises pliantes","code":"R22F02SF03SS01","id":"26591","type":"RAYON","picto":null,"level":4,"sellerId":null,"slug":"tables-chaises-pliantes","selected":false,"children":null,"layers":"\/navigation\/26591\/layers","link":"\/r\/jouets-sports-loisirs\/sports\/randonnee-camping\/tables-chaises-pliantes"},{"name":"Accessoires de camping car","code":"R22F02SF03SS04","id":"26594","type":"RAYON","picto":null,"level":4,"sellerId":null,"slug":"accessoires-camping-car","selected":false,"children":null,"layers":"\/navigation\/26594\/layers","link":"\/r\/jouets-sports-loisirs\/sports\/randonnee-camping\/accessoires-camping-car"},{"name":"Glaci\u00e8res et Glaci\u00e8res \u00e9lectriques","code":"R22F02SF03SS05","id":"26864","type":"RAYON","picto":null,"level":4,"sellerId":null,"slug":"glacieres","selected":false,"children":null,"layers":"\/navigation\/26864\/layers","link":"\/r\/jouets-sports-loisirs\/sports\/randonnee-camping\/glacieres"}],"layers":"\/navigation\/26300\/layers","link":"\/r\/jouets-sports-loisirs\/sports\/randonnee-camping"},{"name":"Running","code":"R22F02SF04","id":"26301","type":"RAYON","picto":null,"level":3,"sellerId":null,"slug":"running","selected":false,"children":[{"name":"Montres connect\u00e9es","code":"R22F02SF04SS01","id":"26595","type":"RAYON","picto":null,"level":4,"sellerId":null,"slug":"montres-connectes","selected":false,"children":null,"layers":"\/navigation\/26595\/layers","link":"\/r\/jouets-sports-loisirs\/sports\/running\/montres-connectes"}],"layers":"\/navigation\/26301\/layers","link":"\/r\/jouets-sports-loisirs\/sports\/running"},{"name":"Fitness et Musculation","code":"R22F02SF05","id":"26302","type":"RAYON","picto":null,"level":3,"sellerId":null,"slug":"fitness-musculation","selected":false,"children":[{"name":"Accessoires de fitness","code":"R22F02SF05SS07","id":"26605","type":"RAYON","picto":null,"level":4,"sellerId":null,"slug":"accessoires-fitness","selected":false,"children":null,"layers":"\/navigation\/26605\/layers","link":"\/r\/jouets-sports-loisirs\/sports\/fitness-musculation\/accessoires-fitness"}],"layers":"\/navigation\/26302\/layers","link":"\/r\/jouets-sports-loisirs\/sports\/fitness-musculation"},{"name":"Football","code":"R22F02SF06","id":"26303","type":"RAYON","picto":null,"level":3,"sellerId":null,"slug":"football","selected":false,"children":[{"name":"Ballons et Plots","code":"R22F02SF06SS03","id":"26608","type":"RAYON","picto":null,"level":4,"sellerId":null,"slug":"ballons-plots","selected":false,"children":null,"layers":"\/navigation\/26608\/layers","link":"\/r\/jouets-sports-loisirs\/sports\/football\/ballons-plots"}],"layers":"\/navigation\/26303\/layers","link":"\/r\/jouets-sports-loisirs\/sports\/football"},{"name":"Sports collectifs","code":"R22F02SF07","id":"26304","type":"RAYON","picto":null,"level":3,"sellerId":null,"slug":"sports-collectifs","selected":false,"children":[{"name":"Rugby","code":"R22F02SF07SS02","id":"26612","type":"RAYON","picto":null,"level":4,"sellerId":null,"slug":"rugby","selected":false,"children":null,"layers":"\/navigation\/26612\/layers","link":"\/r\/jouets-sports-loisirs\/sports\/sports-collectifs\/rugby"}],"layers":"\/navigation\/26304\/layers","link":"\/r\/jouets-sports-loisirs\/sports\/sports-collectifs"}],"layers":"\/navigation\/26069\/layers","link":"\/r\/jouets-sports-loisirs\/sports"},{"name":"Jeux d'ext\u00e9rieur","code":"R22F03","id":"26070","type":"RAYON","picto":null,"level":2,"sellerId":null,"slug":"jeux-exterieur","selected":false,"children":[{"name":"Aires de jeux et Portiques","code":"R22F03SF02","id":"26308","type":"RAYON","picto":null,"level":3,"sellerId":null,"slug":"aires-jeux-portiques","selected":false,"children":null,"layers":"\/navigation\/26308\/layers","link":"\/r\/jouets-sports-loisirs\/jeux-exterieur\/aires-jeux-portiques"},{"name":"Jeux de piscine","code":"R22F03SF03","id":"26309","type":"RAYON","picto":null,"level":3,"sellerId":null,"slug":"jeux-piscine","selected":false,"children":null,"layers":"\/navigation\/26309\/layers","link":"\/r\/jouets-sports-loisirs\/jeux-exterieur\/jeux-piscine"},{"name":"V\u00e9hicules \u00e9lectriques","code":"R22F03SF05","id":"26311","type":"RAYON","picto":null,"level":3,"sellerId":null,"slug":"vehicules-electriques","selected":false,"children":null,"layers":"\/navigation\/26311\/layers","link":"\/r\/jouets-sports-loisirs\/jeux-exterieur\/vehicules-electriques"},{"name":"Bacs \u00e0 sable","code":"R22F03SF07","id":"26313","type":"RAYON","picto":null,"level":3,"sellerId":null,"slug":"bacs-a-sable","selected":false,"children":null,"layers":"\/navigation\/26313\/layers","link":"\/r\/jouets-sports-loisirs\/jeux-exterieur\/bacs-a-sable"}],"layers":"\/navigation\/26070\/layers","link":"\/r\/jouets-sports-loisirs\/jeux-exterieur"}],"layers":"\/navigation\/26590\/layers","link":"\/r\/jouets-sports-loisirs"},{"name":"Jardin, Bricolage et Auto","code":"R23","id":"26023","type":"RAYON","picto":"https:\/\/media.carrefour.fr\/medias\/1d7ac65e06c63dca911cf04635efa414\/p_96x96\/26023.jpg","level":1,"sellerId":null,"slug":"jardin-bricolage-auto","selected":false,"children":[{"name":"Bricolage","code":"R23F01","id":"26138","type":"RAYON","picto":null,"level":2,"sellerId":null,"slug":"bricolage","selected":false,"children":[{"name":"Nettoyants, Peintures et Colles","code":"R23F01SF01","id":"26356","type":"RAYON","picto":null,"level":3,"sellerId":null,"slug":"peintures-colles-revetements","selected":false,"children":[{"name":"Peintures","code":"R23F01SF01SS01","id":"26668","type":"RAYON","picto":null,"level":4,"sellerId":null,"slug":"peintures","selected":false,"children":null,"layers":"\/navigation\/26668\/layers","link":"\/r\/jardin-bricolage-auto\/bricolage\/peintures-colles-revetements\/peintures"},{"name":"Accessoires de peinture","code":"R23F01SF01SS02","id":"26669","type":"RAYON","picto":null,"level":4,"sellerId":null,"slug":"accessoires-de-peinture","selected":false,"children":null,"layers":"\/navigation\/26669\/layers","link":"\/r\/jardin-bricolage-auto\/bricolage\/peintures-colles-revetements\/accessoires-de-peinture"},{"name":"Nettoyants et Combustibles","code":"R23F01SF01SS03","id":"26670","type":"RAYON","picto":null,"level":4,"sellerId":null,"slug":"nettoyage-decapage","selected":false,"children":null,"layers":"\/navigation\/26670\/layers","link":"\/r\/jardin-bricolage-auto\/bricolage\/peintures-colles-revetements\/nettoyage-decapage"},{"name":"Enduits et Mastics","code":"R23F01SF01SS04","id":"26671","type":"RAYON","picto":null,"level":4,"sellerId":null,"slug":"enduits-mastics","selected":false,"children":null,"layers":"\/navigation\/26671\/layers","link":"\/r\/jardin-bricolage-auto\/bricolage\/peintures-colles-revetements\/enduits-mastics"},{"name":"Colles et Adh\u00e9sifs","code":"R23F01SF01SS06","id":"26673","type":"RAYON","picto":null,"level":4,"sellerId":null,"slug":"colles-adhesifs","selected":false,"children":null,"layers":"\/navigation\/26673\/layers","link":"\/r\/jardin-bricolage-auto\/bricolage\/peintures-colles-revetements\/colles-adhesifs"},{"name":"Isolation","code":"R23F01SF01SS08","id":"28814","type":"RAYON","picto":null,"level":4,"sellerId":null,"slug":"isolation","selected":false,"children":null,"layers":"\/navigation\/28814\/layers","link":"\/r\/jardin-bricolage-auto\/bricolage\/peintures-colles-revetements\/isolation"},{"name":"Absorbeurs d'humidit\u00e9","code":"R23F01SF01SS09","id":"28815","type":"RAYON","picto":null,"level":4,"sellerId":null,"slug":"absorbeur-humidite","selected":false,"children":null,"layers":"\/navigation\/28815\/layers","link":"\/r\/jardin-bricolage-auto\/bricolage\/peintures-colles-revetements\/absorbeur-humidite"}],"layers":"\/navigation\/26356\/layers","link":"\/r\/jardin-bricolage-auto\/bricolage\/peintures-colles-revetements"},{"name":"Electricit\u00e9","code":"R23F01SF02","id":"26349","type":"RAYON","picto":null,"level":3,"sellerId":null,"slug":"electricite","selected":false,"children":[{"name":"Ampoules et Eclairage","code":"R23F01SF02SS01","id":"26637","type":"RAYON","picto":null,"level":4,"sellerId":null,"slug":"ampoules-eclairage","selected":false,"children":null,"layers":"\/navigation\/26637\/layers","link":"\/r\/jardin-bricolage-auto\/bricolage\/electricite\/ampoules-eclairage"},{"name":"Prises, Rallonges et Interrupteurs","code":"R23F01SF02SS02","id":"26638","type":"RAYON","picto":null,"level":4,"sellerId":null,"slug":"prises-rallonges-interrupteurs","selected":false,"children":null,"layers":"\/navigation\/26638\/layers","link":"\/r\/jardin-bricolage-auto\/bricolage\/electricite\/prises-rallonges-interrupteurs"},{"name":"Piles, Piles rechargeables et Chargeurs","code":"R23F01SF02SS03","id":"26885","type":"RAYON","picto":null,"level":4,"sellerId":null,"slug":"piles","selected":false,"children":null,"layers":"\/navigation\/26885\/layers","link":"\/r\/jardin-bricolage-auto\/bricolage\/electricite\/piles"},{"name":"Accessoires \u00e9lectriques","code":"R23F01SF02SS06","id":"26641","type":"RAYON","picto":null,"level":4,"sellerId":null,"slug":"accessoires-electriques","selected":false,"children":null,"layers":"\/navigation\/26641\/layers","link":"\/r\/jardin-bricolage-auto\/bricolage\/electricite\/accessoires-electriques"}],"layers":"\/navigation\/26349\/layers","link":"\/r\/jardin-bricolage-auto\/bricolage\/electricite"},{"name":"Outillage \u00e9lectrique","code":"R23F01SF03","id":"26350","type":"RAYON","picto":null,"level":3,"sellerId":null,"slug":"outillage-electrique","selected":false,"children":[{"name":"Perceuses et Visseuses","code":"R23F01SF03SS01","id":"26642","type":"RAYON","picto":null,"level":4,"sellerId":null,"slug":"perceuses-visseuses","selected":false,"children":null,"layers":"\/navigation\/26642\/layers","link":"\/r\/jardin-bricolage-auto\/bricolage\/outillage-electrique\/perceuses-visseuses"},{"name":"Perforeuses et Ponceuses","code":"R23F01SF03SS02","id":"26643","type":"RAYON","picto":null,"level":4,"sellerId":null,"slug":"perforeuses-ponceuses","selected":false,"children":null,"layers":"\/navigation\/26643\/layers","link":"\/r\/jardin-bricolage-auto\/bricolage\/outillage-electrique\/perforeuses-ponceuses"}],"layers":"\/navigation\/26350\/layers","link":"\/r\/jardin-bricolage-auto\/bricolage\/outillage-electrique"},{"name":"Outillage \u00e0 main","code":"R23F01SF04","id":"26351","type":"RAYON","picto":null,"level":3,"sellerId":null,"slug":"outillage-a-main","selected":false,"children":[{"name":"Scies et Outils de coupe","code":"R23F01SF04SS02","id":"26646","type":"RAYON","picto":null,"level":4,"sellerId":null,"slug":"scies-outils-de-coupe","selected":false,"children":null,"layers":"\/navigation\/26646\/layers","link":"\/r\/jardin-bricolage-auto\/bricolage\/outillage-a-main\/scies-outils-de-coupe"}],"layers":"\/navigation\/26351\/layers","link":"\/r\/jardin-bricolage-auto\/bricolage\/outillage-a-main"},{"name":"Equipements d'atelier","code":"R23F01SF05","id":"26352","type":"RAYON","picto":null,"level":3,"sellerId":null,"slug":"equipement-atelier","selected":false,"children":[{"name":"M\u00e8tres et Outils de tra\u00e7age","code":"R23F01SF05SS02","id":"26649","type":"RAYON","picto":null,"level":4,"sellerId":null,"slug":"metres-et-outils-de-tracage","selected":false,"children":null,"layers":"\/navigation\/26649\/layers","link":"\/r\/jardin-bricolage-auto\/bricolage\/equipement-atelier\/metres-et-outils-de-tracage"},{"name":"Protections et Equipements","code":"R23F01SF05SS03","id":"26933","type":"RAYON","picto":null,"level":4,"sellerId":null,"slug":"equipement-et-protection-individuelle","selected":false,"children":null,"layers":"\/navigation\/26933\/layers","link":"\/r\/jardin-bricolage-auto\/bricolage\/equipement-atelier\/equipement-et-protection-individuelle"}],"layers":"\/navigation\/26352\/layers","link":"\/r\/jardin-bricolage-auto\/bricolage\/equipement-atelier"},{"name":"Quincaillerie","code":"R23F01SF07","id":"26354","type":"RAYON","picto":null,"level":3,"sellerId":null,"slug":"quincaillerie","selected":false,"children":[{"name":"Clous, Vis et Accessoires","code":"R23F01SF07SS01","id":"26650","type":"RAYON","picto":null,"level":4,"sellerId":null,"slug":"clous-vis-accessoires","selected":false,"children":null,"layers":"\/navigation\/26650\/layers","link":"\/r\/jardin-bricolage-auto\/bricolage\/quincaillerie\/clous-vis-accessoires"},{"name":"S\u00e9curit\u00e9 et Coffres forts","code":"R23F01SF07SS05","id":"26654","type":"RAYON","picto":null,"level":4,"sellerId":null,"slug":"securite-coffres-forts","selected":false,"children":null,"layers":"\/navigation\/26654\/layers","link":"\/r\/jardin-bricolage-auto\/bricolage\/quincaillerie\/securite-coffres-forts"},{"name":"Accessoires de quincaillerie","code":"R23F01SF07SS06","id":"26655","type":"RAYON","picto":null,"level":4,"sellerId":null,"slug":"accessoires-quincaillerie","selected":false,"children":null,"layers":"\/navigation\/26655\/layers","link":"\/r\/jardin-bricolage-auto\/bricolage\/quincaillerie\/accessoires-quincaillerie"},{"name":"Tuyau de gaz","code":"R23F01SF07SS07","id":"26934","type":"RAYON","picto":null,"level":4,"sellerId":null,"slug":"tuyau-de-gaz","selected":false,"children":null,"layers":"\/navigation\/26934\/layers","link":"\/r\/jardin-bricolage-auto\/bricolage\/quincaillerie\/tuyau-de-gaz"}],"layers":"\/navigation\/26354\/layers","link":"\/r\/jardin-bricolage-auto\/bricolage\/quincaillerie"},{"name":"Plomberie","code":"R23F01SF08","id":"26355","type":"RAYON","picto":null,"level":3,"sellerId":null,"slug":"plomberie","selected":false,"children":[{"name":"Colonnes de douche","code":"R23F01SF08SS02","id":"26657","type":"RAYON","picto":null,"level":4,"sellerId":null,"slug":"colonnes-de-douche","selected":false,"children":null,"layers":"\/navigation\/26657\/layers","link":"\/r\/jardin-bricolage-auto\/bricolage\/plomberie\/colonnes-de-douche"},{"name":"Eviers","code":"R23F01SF08SS06","id":"26661","type":"RAYON","picto":null,"level":4,"sellerId":null,"slug":"eviers","selected":false,"children":null,"layers":"\/navigation\/26661\/layers","link":"\/r\/jardin-bricolage-auto\/bricolage\/plomberie\/eviers"},{"name":"Robinetterie","code":"R23F01SF08SS07","id":"26662","type":"RAYON","picto":null,"level":4,"sellerId":null,"slug":"robinetterie","selected":false,"children":null,"layers":"\/navigation\/26662\/layers","link":"\/r\/jardin-bricolage-auto\/bricolage\/plomberie\/robinetterie"},{"name":"WC","code":"R23F01SF08SS08","id":"26663","type":"RAYON","picto":null,"level":4,"sellerId":null,"slug":"wc","selected":false,"children":null,"layers":"\/navigation\/26663\/layers","link":"\/r\/jardin-bricolage-auto\/bricolage\/plomberie\/wc"},{"name":"Accessoires de plomberie","code":"R23F01SF08SS11","id":"26666","type":"RAYON","picto":null,"level":4,"sellerId":null,"slug":"accessoires-de-plomberie","selected":false,"children":null,"layers":"\/navigation\/26666\/layers","link":"\/r\/jardin-bricolage-auto\/bricolage\/plomberie\/accessoires-de-plomberie"}],"layers":"\/navigation\/26355\/layers","link":"\/r\/jardin-bricolage-auto\/bricolage\/plomberie"}],"layers":"\/navigation\/26138\/layers","link":"\/r\/jardin-bricolage-auto\/bricolage"},{"name":"Mobilier et D\u00e9corations de jardin","code":"R23F02","id":"26072","type":"RAYON","picto":null,"level":2,"sellerId":null,"slug":"mobilier-decoration-jardin","selected":false,"children":[{"name":"Tables et Chaises","code":"R23F02SF02","id":"26318","type":"RAYON","picto":null,"level":3,"sellerId":null,"slug":"tables-chaises","selected":false,"children":null,"layers":"\/navigation\/26318\/layers","link":"\/r\/jardin-bricolage-auto\/mobilier-decoration-jardin\/tables-chaises"},{"name":"Eclairage d'ext\u00e9rieur","code":"R23F02SF06","id":"26322","type":"RAYON","picto":null,"level":3,"sellerId":null,"slug":"eclairage-exterieur","selected":false,"children":null,"layers":"\/navigation\/26322\/layers","link":"\/r\/jardin-bricolage-auto\/mobilier-decoration-jardin\/eclairage-exterieur"},{"name":"Chauffages d'ext\u00e9rieur","code":"R23F02SF07","id":"26323","type":"RAYON","picto":null,"level":3,"sellerId":null,"slug":"chauffages-exterieur","selected":false,"children":null,"layers":"\/navigation\/26323\/layers","link":"\/r\/jardin-bricolage-auto\/mobilier-decoration-jardin\/chauffages-exterieur"},{"name":"D\u00e9corations d'ext\u00e9rieur","code":"R23F02SF08","id":"26324","type":"RAYON","picto":null,"level":3,"sellerId":null,"slug":"decorations-exterieur","selected":false,"children":null,"layers":"\/navigation\/26324\/layers","link":"\/r\/jardin-bricolage-auto\/mobilier-decoration-jardin\/decorations-exterieur"}],"layers":"\/navigation\/26072\/layers","link":"\/r\/jardin-bricolage-auto\/mobilier-decoration-jardin"},{"name":"Barbecues et Planchas","code":"R23F03","id":"26074","type":"RAYON","picto":null,"level":2,"sellerId":null,"slug":"barbecues-planchas","selected":false,"children":[{"name":"Barbecues","code":"R23F03SF01","id":"26325","type":"RAYON","picto":null,"level":3,"sellerId":null,"slug":"barbecues","selected":false,"children":null,"layers":"\/navigation\/26325\/layers","link":"\/r\/jardin-bricolage-auto\/barbecues-planchas\/barbecues"},{"name":"Planchas","code":"R23F03SF02","id":"26326","type":"RAYON","picto":null,"level":3,"sellerId":null,"slug":"planchas","selected":false,"children":null,"layers":"\/navigation\/26326\/layers","link":"\/r\/jardin-bricolage-auto\/barbecues-planchas\/planchas"},{"name":"Accessoires de barbecue et plancha","code":"R23F03SF04","id":"26328","type":"RAYON","picto":null,"level":3,"sellerId":null,"slug":"accessoires-barbecue-plancha","selected":false,"children":null,"layers":"\/navigation\/26328\/layers","link":"\/r\/jardin-bricolage-auto\/barbecues-planchas\/accessoires-barbecue-plancha"},{"name":"Gaz, Charbons et Allume feu","code":"R23F03SF05","id":"26329","type":"RAYON","picto":null,"level":3,"sellerId":null,"slug":"gaz-charbons-allume-feu","selected":false,"children":null,"layers":"\/navigation\/26329\/layers","link":"\/r\/jardin-bricolage-auto\/barbecues-planchas\/gaz-charbons-allume-feu"}],"layers":"\/navigation\/26074\/layers","link":"\/r\/jardin-bricolage-auto\/barbecues-planchas"},{"name":"Piscines et Spa","code":"R23F04","id":"26076","type":"RAYON","picto":null,"level":2,"sellerId":null,"slug":"piscines-spa","selected":false,"children":[{"name":"Piscines","code":"R23F04SF01","id":"26330","type":"RAYON","picto":null,"level":3,"sellerId":null,"slug":"piscines","selected":false,"children":null,"layers":"\/navigation\/26330\/layers","link":"\/r\/jardin-bricolage-auto\/piscines-spa\/piscines"},{"name":"Entretien de piscine et Robots nettoyeurs","code":"R23F04SF04","id":"26333","type":"RAYON","picto":null,"level":3,"sellerId":null,"slug":"entretien-piscine-robots-nettoyeurs","selected":false,"children":null,"layers":"\/navigation\/26333\/layers","link":"\/r\/jardin-bricolage-auto\/piscines-spa\/entretien-piscine-robots-nettoyeurs"},{"name":"Chauffage de piscine","code":"R23F04SF05","id":"26334","type":"RAYON","picto":null,"level":3,"sellerId":null,"slug":"chauffage-piscine","selected":false,"children":null,"layers":"\/navigation\/26334\/layers","link":"\/r\/jardin-bricolage-auto\/piscines-spa\/chauffage-piscine"}],"layers":"\/navigation\/26076\/layers","link":"\/r\/jardin-bricolage-auto\/piscines-spa"},{"name":"Jardinage et Outillage","code":"R23F06","id":"26136","type":"RAYON","picto":null,"level":2,"sellerId":null,"slug":"jardinage-outillage","selected":false,"children":[{"name":"Tondeuses et Outils motoris\u00e9s","code":"R23F06SF01","id":"26341","type":"RAYON","picto":null,"level":3,"sellerId":null,"slug":"tondeuses-outils-motorises","selected":false,"children":[{"name":"Tondeuses, Tron\u00e7onneuses et D\u00e9mousseurs","code":"R23F06SF01SS01","id":"26620","type":"RAYON","picto":null,"level":4,"sellerId":null,"slug":"tondeuses-demousseurs","selected":false,"children":null,"layers":"\/navigation\/26620\/layers","link":"\/r\/jardin-bricolage-auto\/jardinage-outillage\/tondeuses-outils-motorises\/tondeuses-demousseurs"},{"name":"Aspirateurs souffleur","code":"R23F06SF01SS06","id":"26625","type":"RAYON","picto":null,"level":4,"sellerId":null,"slug":"aspirateurs-souffleur","selected":false,"children":null,"layers":"\/navigation\/26625\/layers","link":"\/r\/jardin-bricolage-auto\/jardinage-outillage\/tondeuses-outils-motorises\/aspirateurs-souffleur"}],"layers":"\/navigation\/26341\/layers","link":"\/r\/jardin-bricolage-auto\/jardinage-outillage\/tondeuses-outils-motorises"},{"name":"Nettoyeurs haute pression","code":"R23F06SF02","id":"26343","type":"RAYON","picto":null,"level":3,"sellerId":null,"slug":"nettoyeurs-haute-pression","selected":false,"children":null,"layers":"\/navigation\/26343\/layers","link":"\/r\/jardin-bricolage-auto\/jardinage-outillage\/nettoyeurs-haute-pression"},{"name":"Outils \u00e0 main","code":"R23F06SF03","id":"26342","type":"RAYON","picto":null,"level":3,"sellerId":null,"slug":"outils-a-main","selected":false,"children":[{"name":"Tailler","code":"R23F06SF03SS01","id":"26628","type":"RAYON","picto":null,"level":4,"sellerId":null,"slug":"tailler","selected":false,"children":null,"layers":"\/navigation\/26628\/layers","link":"\/r\/jardin-bricolage-auto\/jardinage-outillage\/outils-a-main\/tailler"},{"name":"Travailler le sol","code":"R23F06SF03SS04","id":"26631","type":"RAYON","picto":null,"level":4,"sellerId":null,"slug":"travailler-le-sol","selected":false,"children":null,"layers":"\/navigation\/26631\/layers","link":"\/r\/jardin-bricolage-auto\/jardinage-outillage\/outils-a-main\/travailler-le-sol"},{"name":"Travailler le gazon","code":"R23F06SF03SS05","id":"26632","type":"RAYON","picto":null,"level":4,"sellerId":null,"slug":"travailler-le-gazon","selected":false,"children":null,"layers":"\/navigation\/26632\/layers","link":"\/r\/jardin-bricolage-auto\/jardinage-outillage\/outils-a-main\/travailler-le-gazon"},{"name":"Balayer","code":"R23F06SF03SS06","id":"26633","type":"RAYON","picto":null,"level":4,"sellerId":null,"slug":"balayer","selected":false,"children":null,"layers":"\/navigation\/26633\/layers","link":"\/r\/jardin-bricolage-auto\/jardinage-outillage\/outils-a-main\/balayer"},{"name":"Couper le bois","code":"R23F06SF03SS07","id":"26634","type":"RAYON","picto":null,"level":4,"sellerId":null,"slug":"couper-le-bois","selected":false,"children":null,"layers":"\/navigation\/26634\/layers","link":"\/r\/jardin-bricolage-auto\/jardinage-outillage\/outils-a-main\/couper-le-bois"}],"layers":"\/navigation\/26342\/layers","link":"\/r\/jardin-bricolage-auto\/jardinage-outillage\/outils-a-main"},{"name":"Terreaux, Engrais et Traitements d\u00e9chets","code":"R23F06SF04","id":"26347","type":"RAYON","picto":null,"level":3,"sellerId":null,"slug":"terreaux-engrais-traitements-dechets","selected":false,"children":null,"layers":"\/navigation\/26347\/layers","link":"\/r\/jardin-bricolage-auto\/jardinage-outillage\/terreaux-engrais-traitements-dechets"},{"name":"Plantes et Fleurs","code":"R23F06SF05","id":"26344","type":"RAYON","picto":null,"level":3,"sellerId":null,"slug":"plantes-fleurs","selected":false,"children":null,"layers":"\/navigation\/26344\/layers","link":"\/r\/jardin-bricolage-auto\/jardinage-outillage\/plantes-fleurs"},{"name":"Arrosage","code":"R23F06SF07","id":"26346","type":"RAYON","picto":null,"level":3,"sellerId":null,"slug":"arrosage","selected":false,"children":null,"layers":"\/navigation\/26346\/layers","link":"\/r\/jardin-bricolage-auto\/jardinage-outillage\/arrosage"},{"name":"V\u00eatements du jardinier","code":"R23F06SF08","id":"26348","type":"RAYON","picto":null,"level":3,"sellerId":null,"slug":"vetements-jardinier","selected":false,"children":null,"layers":"\/navigation\/26348\/layers","link":"\/r\/jardin-bricolage-auto\/jardinage-outillage\/vetements-jardinier"},{"name":"Destructeurs d'insectes, Thermom\u00e8tres et Stations de m\u00e9t\u00e9o","code":"R23F06SF09","id":"26636","type":"RAYON","picto":null,"level":3,"sellerId":null,"slug":"thermometres-stations-meteo","selected":false,"children":null,"layers":"\/navigation\/26636\/layers","link":"\/r\/jardin-bricolage-auto\/jardinage-outillage\/thermometres-stations-meteo"}],"layers":"\/navigation\/26136\/layers","link":"\/r\/jardin-bricolage-auto\/jardinage-outillage"},{"name":"Auto et Moto","code":"R23F07","id":"26143","type":"RAYON","picto":null,"level":2,"sellerId":null,"slug":"auto-moto","selected":false,"children":[{"name":" Autoradio, GPS et Kits mains libres","code":"R23F07SF01","id":"26362","type":"RAYON","picto":null,"level":3,"sellerId":null,"slug":"autoradio-gps-kits-mains-libres","selected":false,"children":[{"name":"GPS","code":"R23F07SF01SS01","id":"26721","type":"RAYON","picto":null,"level":4,"sellerId":null,"slug":"gps","selected":false,"children":null,"layers":"\/navigation\/26721\/layers","link":"\/r\/jardin-bricolage-auto\/auto-moto\/autoradio-gps-kits-mains-libres\/gps"},{"name":"Autoradio","code":"R23F07SF01SS02","id":"26714","type":"RAYON","picto":null,"level":4,"sellerId":null,"slug":"autoradio","selected":false,"children":null,"layers":"\/navigation\/26714\/layers","link":"\/r\/jardin-bricolage-auto\/auto-moto\/autoradio-gps-kits-mains-libres\/autoradio"},{"name":"Kits mains libres, Chargeurs et Autres","code":"R23F07SF01SS03","id":"26716","type":"RAYON","picto":null,"level":4,"sellerId":null,"slug":"kits-mains-libres-chargeurs-autres","selected":false,"children":null,"layers":"\/navigation\/26716\/layers","link":"\/r\/jardin-bricolage-auto\/auto-moto\/autoradio-gps-kits-mains-libres\/kits-mains-libres-chargeurs-autres"},{"name":"Accessoires","code":"R23F07SF01SS07","id":"26725","type":"RAYON","picto":null,"level":4,"sellerId":null,"slug":"accessoires","selected":false,"children":null,"layers":"\/navigation\/26725\/layers","link":"\/r\/jardin-bricolage-auto\/auto-moto\/autoradio-gps-kits-mains-libres\/accessoires"}],"layers":"\/navigation\/26362\/layers","link":"\/r\/jardin-bricolage-auto\/auto-moto\/autoradio-gps-kits-mains-libres"},{"name":"D\u00e9marrage et Batteries","code":"R23F07SF02","id":"26358","type":"RAYON","picto":null,"level":3,"sellerId":null,"slug":"demarrage-batterie","selected":false,"children":[{"name":"Batteries","code":"R23F07SF02SS01","id":"26679","type":"RAYON","picto":null,"level":4,"sellerId":null,"slug":"batteries","selected":false,"children":null,"layers":"\/navigation\/26679\/layers","link":"\/r\/jardin-bricolage-auto\/auto-moto\/demarrage-batterie\/batteries"}],"layers":"\/navigation\/26358\/layers","link":"\/r\/jardin-bricolage-auto\/auto-moto\/demarrage-batterie"},{"name":"Huiles et Entretien","code":"R23F07SF03","id":"26359","type":"RAYON","picto":null,"level":3,"sellerId":null,"slug":"huiles-entretien","selected":false,"children":[{"name":"Huiles ","code":"R23F07SF03SS01","id":"26682","type":"RAYON","picto":null,"level":4,"sellerId":null,"slug":"huiles","selected":false,"children":null,"layers":"\/navigation\/26682\/layers","link":"\/r\/jardin-bricolage-auto\/auto-moto\/huiles-entretien\/huiles"},{"name":"Additifs et Adblue","code":"R23F07SF03SS02","id":"26683","type":"RAYON","picto":null,"level":4,"sellerId":null,"slug":"additifs-adblue","selected":false,"children":null,"layers":"\/navigation\/26683\/layers","link":"\/r\/jardin-bricolage-auto\/auto-moto\/huiles-entretien\/additifs-adblue"},{"name":"Nettoyants et Lave-glaces","code":"R23F07SF03SS03","id":"26684","type":"RAYON","picto":null,"level":4,"sellerId":null,"slug":"nettoyants-lave-glaces","selected":false,"children":null,"layers":"\/navigation\/26684\/layers","link":"\/r\/jardin-bricolage-auto\/auto-moto\/huiles-entretien\/nettoyants-lave-glaces"},{"name":"D\u00e9graissants et Filtres","code":"R23F07SF03SS04","id":"26685","type":"RAYON","picto":null,"level":4,"sellerId":null,"slug":"degraissants-filtres","selected":false,"children":null,"layers":"\/navigation\/26685\/layers","link":"\/r\/jardin-bricolage-auto\/auto-moto\/huiles-entretien\/degraissants-filtres"},{"name":"Accessoires de nettoyage","code":"R23F07SF03SS06","id":"26687","type":"RAYON","picto":null,"level":4,"sellerId":null,"slug":"accessoires-nettoyage","selected":false,"children":null,"layers":"\/navigation\/26687\/layers","link":"\/r\/jardin-bricolage-auto\/auto-moto\/huiles-entretien\/accessoires-nettoyage"},{"name":"Liquide de refroidissement","code":"R23F07SF03SS07","id":"26874","type":"RAYON","picto":null,"level":4,"sellerId":null,"slug":"liquide-de-refroidissement","selected":false,"children":null,"layers":"\/navigation\/26874\/layers","link":"\/r\/jardin-bricolage-auto\/auto-moto\/huiles-entretien\/liquide-de-refroidissement"}],"layers":"\/navigation\/26359\/layers","link":"\/r\/jardin-bricolage-auto\/auto-moto\/huiles-entretien"},{"name":"Transports et Voyage","code":"R23F07SF04","id":"26360","type":"RAYON","picto":null,"level":3,"sellerId":null,"slug":"transports-voyage","selected":false,"children":[{"name":"Chaines et Chaussettes de neige","code":"R23F07SF04SS01","id":"26688","type":"RAYON","picto":null,"level":4,"sellerId":null,"slug":"chaines-chaussettes-de-neige","selected":false,"children":null,"layers":"\/navigation\/26688\/layers","link":"\/r\/jardin-bricolage-auto\/auto-moto\/transports-voyage\/chaines-chaussettes-de-neige"}],"layers":"\/navigation\/26360\/layers","link":"\/r\/jardin-bricolage-auto\/auto-moto\/transports-voyage"},{"name":"Equipements et S\u00e9curit\u00e9","code":"R23F07SF05","id":"26361","type":"RAYON","picto":null,"level":3,"sellerId":null,"slug":"equipements-securite","selected":false,"children":[{"name":"Ampoules et Optiques","code":"R23F07SF05SS01","id":"26698","type":"RAYON","picto":null,"level":4,"sellerId":null,"slug":"ampoules-optiques","selected":false,"children":null,"layers":"\/navigation\/26698\/layers","link":"\/r\/jardin-bricolage-auto\/auto-moto\/equipements-securite\/ampoules-optiques"},{"name":"Pneus auto","code":"R23F07SF05SS06","id":"26711","type":"RAYON","picto":null,"level":4,"sellerId":null,"slug":"pneus-auto","selected":false,"children":null,"layers":"\/navigation\/26711\/layers","link":"\/r\/jardin-bricolage-auto\/auto-moto\/equipements-securite\/pneus-auto"},{"name":"Lampes torche","code":"R23F07SF05SS08","id":"26906","type":"RAYON","picto":null,"level":4,"sellerId":null,"slug":"lampe-torche","selected":false,"children":null,"layers":"\/navigation\/26906\/layers","link":"\/r\/jardin-bricolage-auto\/auto-moto\/equipements-securite\/lampe-torche"}],"layers":"\/navigation\/26361\/layers","link":"\/r\/jardin-bricolage-auto\/auto-moto\/equipements-securite"},{"name":"Accessoires de moto et Equipement pilote","code":"R23F07SF06","id":"26363","type":"RAYON","picto":null,"level":3,"sellerId":null,"slug":"accessoires-moto-equipement-pilote","selected":false,"children":[{"name":"Casques","code":"R23F07SF06SS02","id":"26729","type":"RAYON","picto":null,"level":4,"sellerId":null,"slug":"casques","selected":false,"children":null,"layers":"\/navigation\/26729\/layers","link":"\/r\/jardin-bricolage-auto\/auto-moto\/accessoires-moto-equipement-pilote\/casques"}],"layers":"\/navigation\/26363\/layers","link":"\/r\/jardin-bricolage-auto\/auto-moto\/accessoires-moto-equipement-pilote"}],"layers":"\/navigation\/26143\/layers","link":"\/r\/jardin-bricolage-auto\/auto-moto"},{"name":"D\u00e9m\u00e9nagement","code":"R23F08","id":"26141","type":"RAYON","picto":null,"level":2,"sellerId":null,"slug":"demenagement","selected":false,"children":null,"layers":"\/navigation\/26141\/layers","link":"\/r\/jardin-bricolage-auto\/demenagement"}],"layers":"\/navigation\/26023\/layers","link":"\/r\/jardin-bricolage-auto"},{"name":"Maison et D\u00e9coration","code":"R24","id":"26024","type":"RAYON","picto":"https:\/\/media.carrefour.fr\/medias\/5c9ce6733b1b3ddebf556c5a3f727c45\/p_96x96\/26024.jpg","level":1,"sellerId":null,"slug":"maison-decoration","selected":false,"children":[{"name":"Linge de maison","code":"R24F01","id":"26145","type":"RAYON","picto":null,"level":2,"sellerId":null,"slug":"linge-maison","selected":false,"children":[{"name":"Linge de lit","code":"R24F01SF01","id":"26364","type":"RAYON","picto":null,"level":3,"sellerId":null,"slug":"linge-lit","selected":false,"children":[{"name":"Parures de lit","code":"R24F01SF01SS01","id":"26867","type":"RAYON","picto":null,"level":4,"sellerId":null,"slug":"parures-de-lit","selected":false,"children":null,"layers":"\/navigation\/26867\/layers","link":"\/r\/maison-decoration\/linge-maison\/linge-lit\/parures-de-lit"},{"name":"Draps","code":"R24F01SF01SS02","id":"26694","type":"RAYON","picto":null,"level":4,"sellerId":null,"slug":"draps","selected":false,"children":null,"layers":"\/navigation\/26694\/layers","link":"\/r\/maison-decoration\/linge-maison\/linge-lit\/draps"},{"name":"Couettes","code":"R24F01SF01SS03","id":"26695","type":"RAYON","picto":null,"level":4,"sellerId":null,"slug":"couettes","selected":false,"children":null,"layers":"\/navigation\/26695\/layers","link":"\/r\/maison-decoration\/linge-maison\/linge-lit\/couettes"},{"name":"Couvertures, Plaides et Edredons","code":"R24F01SF01SS04","id":"26699","type":"RAYON","picto":null,"level":4,"sellerId":null,"slug":"couvertures-plaides-edredons","selected":false,"children":null,"layers":"\/navigation\/26699\/layers","link":"\/r\/maison-decoration\/linge-maison\/linge-lit\/couvertures-plaides-edredons"},{"name":"Oreillers","code":"R24F01SF01SS05","id":"26696","type":"RAYON","picto":null,"level":4,"sellerId":null,"slug":"oreillers","selected":false,"children":null,"layers":"\/navigation\/26696\/layers","link":"\/r\/maison-decoration\/linge-maison\/linge-lit\/oreillers"},{"name":"Al\u00e8zes","code":"R24F01SF01SS06","id":"26697","type":"RAYON","picto":null,"level":4,"sellerId":null,"slug":"alezes","selected":false,"children":null,"layers":"\/navigation\/26697\/layers","link":"\/r\/maison-decoration\/linge-maison\/linge-lit\/alezes"}],"layers":"\/navigation\/26364\/layers","link":"\/r\/maison-decoration\/linge-maison\/linge-lit"},{"name":"Linge de bain","code":"R24F01SF02","id":"26365","type":"RAYON","picto":null,"level":3,"sellerId":null,"slug":"linge-bain","selected":false,"children":[{"name":"Serviettes de bain","code":"R24F01SF02SS01","id":"26701","type":"RAYON","picto":null,"level":4,"sellerId":null,"slug":"serviettes-de-bain","selected":false,"children":null,"layers":"\/navigation\/26701\/layers","link":"\/r\/maison-decoration\/linge-maison\/linge-bain\/serviettes-de-bain"},{"name":"Gants de toilette","code":"R24F01SF02SS02","id":"26868","type":"RAYON","picto":null,"level":4,"sellerId":null,"slug":"gants-de-toilette","selected":false,"children":null,"layers":"\/navigation\/26868\/layers","link":"\/r\/maison-decoration\/linge-maison\/linge-bain\/gants-de-toilette"},{"name":"Tapis de bain","code":"R24F01SF02SS03","id":"26703","type":"RAYON","picto":null,"level":4,"sellerId":null,"slug":"tapis-de-bain","selected":false,"children":null,"layers":"\/navigation\/26703\/layers","link":"\/r\/maison-decoration\/linge-maison\/linge-bain\/tapis-de-bain"},{"name":"Peignoirs","code":"R24F01SF02SS04","id":"26704","type":"RAYON","picto":null,"level":4,"sellerId":null,"slug":"peignoirs","selected":false,"children":null,"layers":"\/navigation\/26704\/layers","link":"\/r\/maison-decoration\/linge-maison\/linge-bain\/peignoirs"},{"name":"Rideaux de douche","code":"R24F01SF02SS05","id":"26872","type":"RAYON","picto":null,"level":4,"sellerId":null,"slug":"rideaux-de-douche","selected":false,"children":null,"layers":"\/navigation\/26872\/layers","link":"\/r\/maison-decoration\/linge-maison\/linge-bain\/rideaux-de-douche"}],"layers":"\/navigation\/26365\/layers","link":"\/r\/maison-decoration\/linge-maison\/linge-bain"},{"name":"Linge de table","code":"R24F01SF03","id":"26367","type":"RAYON","picto":null,"level":3,"sellerId":null,"slug":"linge-table","selected":false,"children":[{"name":"Nappes","code":"R24F01SF03SS01","id":"26718","type":"RAYON","picto":null,"level":4,"sellerId":null,"slug":"nappes","selected":false,"children":null,"layers":"\/navigation\/26718\/layers","link":"\/r\/maison-decoration\/linge-maison\/linge-table\/nappes"},{"name":"Serviettes","code":"R24F01SF03SS02","id":"26720","type":"RAYON","picto":null,"level":4,"sellerId":null,"slug":"serviettes","selected":false,"children":null,"layers":"\/navigation\/26720\/layers","link":"\/r\/maison-decoration\/linge-maison\/linge-table\/serviettes"},{"name":"Torchons et tabliers","code":"R24F01SF03SS03","id":"26722","type":"RAYON","picto":null,"level":4,"sellerId":null,"slug":"torchons","selected":false,"children":null,"layers":"\/navigation\/26722\/layers","link":"\/r\/maison-decoration\/linge-maison\/linge-table\/torchons"}],"layers":"\/navigation\/26367\/layers","link":"\/r\/maison-decoration\/linge-maison\/linge-table"},{"name":"Soin du linge","code":"R24F01SF04","id":"26366","type":"RAYON","picto":null,"level":3,"sellerId":null,"slug":"soin-linge","selected":false,"children":[{"name":"Tables \u00e0 repasser","code":"R24F01SF04SS01","id":"26706","type":"RAYON","picto":null,"level":4,"sellerId":null,"slug":"tables-a-repasser","selected":false,"children":null,"layers":"\/navigation\/26706\/layers","link":"\/r\/maison-decoration\/linge-maison\/soin-linge\/tables-a-repasser"},{"name":"S\u00e9choirs int\u00e9rieur et ext\u00e9rieur","code":"R24F01SF04SS02","id":"26710","type":"RAYON","picto":null,"level":4,"sellerId":null,"slug":"sechoirs-interieur-exterieur","selected":false,"children":null,"layers":"\/navigation\/26710\/layers","link":"\/r\/maison-decoration\/linge-maison\/soin-linge\/sechoirs-interieur-exterieur"},{"name":"Mercerie et Couture","code":"R24F01SF04SS03","id":"26708","type":"RAYON","picto":null,"level":4,"sellerId":null,"slug":"mercerie-couture","selected":false,"children":null,"layers":"\/navigation\/26708\/layers","link":"\/r\/maison-decoration\/linge-maison\/soin-linge\/mercerie-couture"},{"name":"Entretien du linge","code":"R24F01SF04SS04","id":"26712","type":"RAYON","picto":null,"level":4,"sellerId":null,"slug":"entretien-du-linge","selected":false,"children":null,"layers":"\/navigation\/26712\/layers","link":"\/r\/maison-decoration\/linge-maison\/soin-linge\/entretien-du-linge"},{"name":"Accessoires de blanchisserie","code":"R24F01SF04SS05","id":"26715","type":"RAYON","picto":null,"level":4,"sellerId":null,"slug":"accessoires-de-blanchisserie","selected":false,"children":null,"layers":"\/navigation\/26715\/layers","link":"\/r\/maison-decoration\/linge-maison\/soin-linge\/accessoires-de-blanchisserie"}],"layers":"\/navigation\/26366\/layers","link":"\/r\/maison-decoration\/linge-maison\/soin-linge"}],"layers":"\/navigation\/26145\/layers","link":"\/r\/maison-decoration\/linge-maison"},{"name":"Vaisselle et Art de la table","code":"R24F02","id":"26147","type":"RAYON","picto":null,"level":2,"sellerId":null,"slug":"vaisselle-art-de-la-table","selected":false,"children":[{"name":"Couverts et Vaisselle","code":"R24F02SF01","id":"26373","type":"RAYON","picto":null,"level":3,"sellerId":null,"slug":"couverts-vaisselle","selected":false,"children":[{"name":"Services de table et Coffrets","code":"R24F02SF01SS01","id":"26822","type":"RAYON","picto":null,"level":4,"sellerId":null,"slug":"services-de-table-et-coffrets","selected":false,"children":null,"layers":"\/navigation\/26822\/layers","link":"\/r\/maison-decoration\/vaisselle-art-de-la-table\/couverts-vaisselle\/services-de-table-et-coffrets"},{"name":"Couverts et M\u00e9nag\u00e8res","code":"R24F02SF01SS02","id":"26823","type":"RAYON","picto":null,"level":4,"sellerId":null,"slug":"couverts-menageres","selected":false,"children":null,"layers":"\/navigation\/26823\/layers","link":"\/r\/maison-decoration\/vaisselle-art-de-la-table\/couverts-vaisselle\/couverts-menageres"},{"name":"Assiettes","code":"R24F02SF01SS03","id":"26824","type":"RAYON","picto":null,"level":4,"sellerId":null,"slug":"assiettes","selected":false,"children":null,"layers":"\/navigation\/26824\/layers","link":"\/r\/maison-decoration\/vaisselle-art-de-la-table\/couverts-vaisselle\/assiettes"},{"name":"Tasses, Bols et Mugs","code":"R24F02SF01SS04","id":"26827","type":"RAYON","picto":null,"level":4,"sellerId":null,"slug":"tasses-bols-mugs","selected":false,"children":null,"layers":"\/navigation\/26827\/layers","link":"\/r\/maison-decoration\/vaisselle-art-de-la-table\/couverts-vaisselle\/tasses-bols-mugs"},{"name":"Coupes, Coupelles et Ramequins","code":"R24F02SF01SS05","id":"26825","type":"RAYON","picto":null,"level":4,"sellerId":null,"slug":"coupes-coupelles-ramequins","selected":false,"children":null,"layers":"\/navigation\/26825\/layers","link":"\/r\/maison-decoration\/vaisselle-art-de-la-table\/couverts-vaisselle\/coupes-coupelles-ramequins"},{"name":"Range-couverts","code":"R24F02SF01SS06","id":"26826","type":"RAYON","picto":null,"level":4,"sellerId":null,"slug":"range-couverts","selected":false,"children":null,"layers":"\/navigation\/26826\/layers","link":"\/r\/maison-decoration\/vaisselle-art-de-la-table\/couverts-vaisselle\/range-couverts"}],"layers":"\/navigation\/26373\/layers","link":"\/r\/maison-decoration\/vaisselle-art-de-la-table\/couverts-vaisselle"},{"name":"Verrerie","code":"R24F02SF02","id":"26374","type":"RAYON","picto":null,"level":3,"sellerId":null,"slug":"verrerie","selected":false,"children":[{"name":"Verres \u00e0 eau","code":"R24F02SF02SS01","id":"26828","type":"RAYON","picto":null,"level":4,"sellerId":null,"slug":"verres-a-eau","selected":false,"children":null,"layers":"\/navigation\/26828\/layers","link":"\/r\/maison-decoration\/vaisselle-art-de-la-table\/verrerie\/verres-a-eau"},{"name":"Verres \u00e0 vin","code":"R24F02SF02SS02","id":"26829","type":"RAYON","picto":null,"level":4,"sellerId":null,"slug":"verres-a-vin","selected":false,"children":null,"layers":"\/navigation\/26829\/layers","link":"\/r\/maison-decoration\/vaisselle-art-de-la-table\/verrerie\/verres-a-vin"},{"name":"Fl\u00fbtes et Verres \u00e0 cocktail","code":"R24F02SF02SS03","id":"26830","type":"RAYON","picto":null,"level":4,"sellerId":null,"slug":"flutes","selected":false,"children":null,"layers":"\/navigation\/26830\/layers","link":"\/r\/maison-decoration\/vaisselle-art-de-la-table\/verrerie\/flutes"},{"name":"Verrines","code":"R24F02SF02SS04","id":"26831","type":"RAYON","picto":null,"level":4,"sellerId":null,"slug":"verrines","selected":false,"children":null,"layers":"\/navigation\/26831\/layers","link":"\/r\/maison-decoration\/vaisselle-art-de-la-table\/verrerie\/verrines"},{"name":"Carafes, Pichets et Bouteilles","code":"R24F02SF02SS05","id":"26887","type":"RAYON","picto":null,"level":4,"sellerId":null,"slug":"carafes-pichets-bouteilles","selected":false,"children":null,"layers":"\/navigation\/26887\/layers","link":"\/r\/maison-decoration\/vaisselle-art-de-la-table\/verrerie\/carafes-pichets-bouteilles"}],"layers":"\/navigation\/26374\/layers","link":"\/r\/maison-decoration\/vaisselle-art-de-la-table\/verrerie"},{"name":"Accessoires \u00e0 vin","code":"R24F02SF03","id":"26375","type":"RAYON","picto":null,"level":3,"sellerId":null,"slug":"accessoires-vin","selected":false,"children":[{"name":"Carafes \u00e0 d\u00e9canter","code":"R24F02SF03SS01","id":"26832","type":"RAYON","picto":null,"level":4,"sellerId":null,"slug":"carafes-a-decanter","selected":false,"children":null,"layers":"\/navigation\/26832\/layers","link":"\/r\/maison-decoration\/vaisselle-art-de-la-table\/accessoires-vin\/carafes-a-decanter"},{"name":"Tire-bouchons et Seaux \u00e0 champagne ","code":"R24F02SF03SS03","id":"26834","type":"RAYON","picto":null,"level":4,"sellerId":null,"slug":"tire-bouchons-et-seaux-a-champagne-","selected":false,"children":null,"layers":"\/navigation\/26834\/layers","link":"\/r\/maison-decoration\/vaisselle-art-de-la-table\/accessoires-vin\/tire-bouchons-et-seaux-a-champagne-"}],"layers":"\/navigation\/26375\/layers","link":"\/r\/maison-decoration\/vaisselle-art-de-la-table\/accessoires-vin"},{"name":"Saladiers et Plats de services","code":"R24F02SF04","id":"26376","type":"RAYON","picto":null,"level":3,"sellerId":null,"slug":"saladiers-plats-services","selected":false,"children":null,"layers":"\/navigation\/26376\/layers","link":"\/r\/maison-decoration\/vaisselle-art-de-la-table\/saladiers-plats-services"},{"name":"Plateaux, Dessous de plats et de verre","code":"R24F02SF05","id":"26377","type":"RAYON","picto":null,"level":3,"sellerId":null,"slug":"plateaux-dessous-plats-verre","selected":false,"children":null,"layers":"\/navigation\/26377\/layers","link":"\/r\/maison-decoration\/vaisselle-art-de-la-table\/plateaux-dessous-plats-verre"},{"name":"Plats et Cloches \u00e0 fromage","code":"R24F02SF06","id":"26379","type":"RAYON","picto":null,"level":3,"sellerId":null,"slug":"plats-cloches-a-fromage","selected":false,"children":null,"layers":"\/navigation\/26379\/layers","link":"\/r\/maison-decoration\/vaisselle-art-de-la-table\/plats-cloches-a-fromage"},{"name":"Corbeilles \u00e0 pain","code":"R24F02SF07","id":"26380","type":"RAYON","picto":null,"level":3,"sellerId":null,"slug":"corbeilles-a-pain","selected":false,"children":null,"layers":"\/navigation\/26380\/layers","link":"\/r\/maison-decoration\/vaisselle-art-de-la-table\/corbeilles-a-pain"},{"name":"Pour les \u00e9pices et assaisonnements","code":"R24F02SF08","id":"26381","type":"RAYON","picto":null,"level":3,"sellerId":null,"slug":"pour-epices-assaisonnements","selected":false,"children":null,"layers":"\/navigation\/26381\/layers","link":"\/r\/maison-decoration\/vaisselle-art-de-la-table\/pour-epices-assaisonnements"},{"name":"Vaisselles et D\u00e9corations \u00e0 emporter","code":"R24F02SF09","id":"26382","type":"RAYON","picto":null,"level":3,"sellerId":null,"slug":"vaisselles-decorations-a-emporter","selected":false,"children":[{"name":"Couverts et Vaisselles","code":"R24F02SF09SS01","id":"29002","type":"RAYON","picto":null,"level":4,"sellerId":null,"slug":"vaisselles","selected":false,"children":null,"layers":"\/navigation\/29002\/layers","link":"\/r\/maison-decoration\/vaisselle-art-de-la-table\/vaisselles-decorations-a-emporter\/vaisselles"},{"name":"Gobelets et verres \u00e0 emporter","code":"R24F02SF09SS02","id":"29003","type":"RAYON","picto":null,"level":4,"sellerId":null,"slug":"gobelets-verres-emporter","selected":false,"children":null,"layers":"\/navigation\/29003\/layers","link":"\/r\/maison-decoration\/vaisselle-art-de-la-table\/vaisselles-decorations-a-emporter\/gobelets-verres-emporter"},{"name":"Plateaux et Dessous de Plats","code":"R24F02SF09SS03","id":"29005","type":"RAYON","picto":null,"level":4,"sellerId":null,"slug":"plateaux-dessous-plats","selected":false,"children":null,"layers":"\/navigation\/29005\/layers","link":"\/r\/maison-decoration\/vaisselle-art-de-la-table\/vaisselles-decorations-a-emporter\/plateaux-dessous-plats"},{"name":"D\u00e9corations","code":"R24F02SF09SS04","id":"29004","type":"RAYON","picto":null,"level":4,"sellerId":null,"slug":"decorations","selected":false,"children":null,"layers":"\/navigation\/29004\/layers","link":"\/r\/maison-decoration\/vaisselle-art-de-la-table\/vaisselles-decorations-a-emporter\/decorations"},{"name":"Accessoires","code":"R24F02SF09SS05","id":"29006","type":"RAYON","picto":null,"level":4,"sellerId":null,"slug":"accessoires","selected":false,"children":null,"layers":"\/navigation\/29006\/layers","link":"\/r\/maison-decoration\/vaisselle-art-de-la-table\/vaisselles-decorations-a-emporter\/accessoires"}],"layers":"\/navigation\/26382\/layers","link":"\/r\/maison-decoration\/vaisselle-art-de-la-table\/vaisselles-decorations-a-emporter"}],"layers":"\/navigation\/26147\/layers","link":"\/r\/maison-decoration\/vaisselle-art-de-la-table"},{"name":"Cuisine","code":"R24F03","id":"26146","type":"RAYON","picto":null,"level":2,"sellerId":null,"slug":"cuisine","selected":false,"children":[{"name":"Cuisson et Pr\u00e9paration culinaire","code":"R24F03SF01","id":"26369","type":"RAYON","picto":null,"level":3,"sellerId":null,"slug":"cuisson-preparation-culinaire","selected":false,"children":[{"name":"Batteries de cuisine","code":"R24F03SF01SS01","id":"26769","type":"RAYON","picto":null,"level":4,"sellerId":null,"slug":"batteries-de-cuisine","selected":false,"children":null,"layers":"\/navigation\/26769\/layers","link":"\/r\/maison-decoration\/cuisine\/cuisson-preparation-culinaire\/batteries-de-cuisine"},{"name":"Casseroles","code":"R24F03SF01SS02","id":"26770","type":"RAYON","picto":null,"level":4,"sellerId":null,"slug":"casseroles","selected":false,"children":null,"layers":"\/navigation\/26770\/layers","link":"\/r\/maison-decoration\/cuisine\/cuisson-preparation-culinaire\/casseroles"},{"name":"Po\u00eales","code":"R24F03SF01SS03","id":"26771","type":"RAYON","picto":null,"level":4,"sellerId":null,"slug":"poeles","selected":false,"children":null,"layers":"\/navigation\/26771\/layers","link":"\/r\/maison-decoration\/cuisine\/cuisson-preparation-culinaire\/poeles"},{"name":"Sauteuses","code":"R24F03SF01SS04","id":"26772","type":"RAYON","picto":null,"level":4,"sellerId":null,"slug":"sauteuses","selected":false,"children":null,"layers":"\/navigation\/26772\/layers","link":"\/r\/maison-decoration\/cuisine\/cuisson-preparation-culinaire\/sauteuses"},{"name":"Cocottes et Cocottes en fonte","code":"R24F03SF01SS05","id":"26773","type":"RAYON","picto":null,"level":4,"sellerId":null,"slug":"cocottes","selected":false,"children":null,"layers":"\/navigation\/26773\/layers","link":"\/r\/maison-decoration\/cuisine\/cuisson-preparation-culinaire\/cocottes"},{"name":"Autocuiseurs et Cocotte minute","code":"R24F03SF01SS06","id":"26774","type":"RAYON","picto":null,"level":4,"sellerId":null,"slug":"autocuiseurs-cocotte-minute","selected":false,"children":null,"layers":"\/navigation\/26774\/layers","link":"\/r\/maison-decoration\/cuisine\/cuisson-preparation-culinaire\/autocuiseurs-cocotte-minute"},{"name":"Marmites","code":"R24F03SF01SS07","id":"26775","type":"RAYON","picto":null,"level":4,"sellerId":null,"slug":"marmites","selected":false,"children":null,"layers":"\/navigation\/26775\/layers","link":"\/r\/maison-decoration\/cuisine\/cuisson-preparation-culinaire\/marmites"},{"name":"Wok et Couscoussier","code":"R24F03SF01SS08","id":"26778","type":"RAYON","picto":null,"level":4,"sellerId":null,"slug":"wok-couscoussier","selected":false,"children":null,"layers":"\/navigation\/26778\/layers","link":"\/r\/maison-decoration\/cuisine\/cuisson-preparation-culinaire\/wok-couscoussier"},{"name":"Plats \u00e0 four","code":"R24F03SF01SS09","id":"26779","type":"RAYON","picto":null,"level":4,"sellerId":null,"slug":"plats-a-four","selected":false,"children":null,"layers":"\/navigation\/26779\/layers","link":"\/r\/maison-decoration\/cuisine\/cuisson-preparation-culinaire\/plats-a-four"},{"name":"Couvercles et Accessoires","code":"R24F03SF01SS10","id":"26776","type":"RAYON","picto":null,"level":4,"sellerId":null,"slug":"couvercles-accessoires","selected":false,"children":null,"layers":"\/navigation\/26776\/layers","link":"\/r\/maison-decoration\/cuisine\/cuisson-preparation-culinaire\/couvercles-accessoires"},{"name":"Accessoires et Joints","code":"R24F03SF01SS11","id":"26781","type":"RAYON","picto":null,"level":4,"sellerId":null,"slug":"accessoires-joints","selected":false,"children":null,"layers":"\/navigation\/26781\/layers","link":"\/r\/maison-decoration\/cuisine\/cuisson-preparation-culinaire\/accessoires-joints"}],"layers":"\/navigation\/26369\/layers","link":"\/r\/maison-decoration\/cuisine\/cuisson-preparation-culinaire"},{"name":"Outils de d\u00e9coupe","code":"R24F03SF02","id":"26370","type":"RAYON","picto":null,"level":3,"sellerId":null,"slug":"outils-decoupe","selected":false,"children":[{"name":"Couteaux de cuisine","code":"R24F03SF02SS01","id":"26791","type":"RAYON","picto":null,"level":4,"sellerId":null,"slug":"couteaux-de-cuisine","selected":false,"children":null,"layers":"\/navigation\/26791\/layers","link":"\/r\/maison-decoration\/cuisine\/outils-decoupe\/couteaux-de-cuisine"},{"name":"Blocs de couteaux","code":"R24F03SF02SS02","id":"26792","type":"RAYON","picto":null,"level":4,"sellerId":null,"slug":"blocs-de-couteaux","selected":false,"children":null,"layers":"\/navigation\/26792\/layers","link":"\/r\/maison-decoration\/cuisine\/outils-decoupe\/blocs-de-couteaux"},{"name":"Planches \u00e0 d\u00e9couper","code":"R24F03SF02SS03","id":"26806","type":"RAYON","picto":null,"level":4,"sellerId":null,"slug":"planches-a-decouper","selected":false,"children":null,"layers":"\/navigation\/26806\/layers","link":"\/r\/maison-decoration\/cuisine\/outils-decoupe\/planches-a-decouper"},{"name":"Ciseaux, Trancheuses et Couteaux \u00e9lectriques","code":"R24F03SF02SS04","id":"26807","type":"RAYON","picto":null,"level":4,"sellerId":null,"slug":"ciseaux-trancheuses-coutraux-electriques","selected":false,"children":null,"layers":"\/navigation\/26807\/layers","link":"\/r\/maison-decoration\/cuisine\/outils-decoupe\/ciseaux-trancheuses-coutraux-electriques"},{"name":"R\u00e2pes, Mandolines et Hachoirs","code":"R24F03SF02SS05","id":"26808","type":"RAYON","picto":null,"level":4,"sellerId":null,"slug":"rapes-mandolines-hachoirs","selected":false,"children":null,"layers":"\/navigation\/26808\/layers","link":"\/r\/maison-decoration\/cuisine\/outils-decoupe\/rapes-mandolines-hachoirs"},{"name":"Aiguiseurs et Fusils","code":"R24F03SF02SS06","id":"26790","type":"RAYON","picto":null,"level":4,"sellerId":null,"slug":"aiguiseurs-fusils","selected":false,"children":null,"layers":"\/navigation\/26790\/layers","link":"\/r\/maison-decoration\/cuisine\/outils-decoupe\/aiguiseurs-fusils"},{"name":"Economes","code":"R24F03SF02SS07","id":"26788","type":"RAYON","picto":null,"level":4,"sellerId":null,"slug":"economes","selected":false,"children":null,"layers":"\/navigation\/26788\/layers","link":"\/r\/maison-decoration\/cuisine\/outils-decoupe\/economes"}],"layers":"\/navigation\/26370\/layers","link":"\/r\/maison-decoration\/cuisine\/outils-decoupe"},{"name":"Ustensiles de cuisine","code":"R24F03SF03","id":"26371","type":"RAYON","picto":null,"level":3,"sellerId":null,"slug":"ustensiles-cuisine","selected":false,"children":[{"name":"Fouets, Spatules et Cuill\u00e8res","code":"R24F03SF03SS01","id":"26809","type":"RAYON","picto":null,"level":4,"sellerId":null,"slug":"fouets-spatules-cuilleres","selected":false,"children":null,"layers":"\/navigation\/26809\/layers","link":"\/r\/maison-decoration\/cuisine\/ustensiles-cuisine\/fouets-spatules-cuilleres"},{"name":"Egoutter et S\u00e9cher","code":"R24F03SF03SS02","id":"26811","type":"RAYON","picto":null,"level":4,"sellerId":null,"slug":"egoutter-secher","selected":false,"children":null,"layers":"\/navigation\/26811\/layers","link":"\/r\/maison-decoration\/cuisine\/ustensiles-cuisine\/egoutter-secher"},{"name":"Ouvre-bo\u00eetes, Tire-bouchons et D\u00e9capsuleurs","code":"R24F03SF03SS03","id":"26812","type":"RAYON","picto":null,"level":4,"sellerId":null,"slug":"ouvre-boites-tire-bouchons-et-decapsuleurs","selected":false,"children":null,"layers":"\/navigation\/26812\/layers","link":"\/r\/maison-decoration\/cuisine\/ustensiles-cuisine\/ouvre-boites-tire-bouchons-et-decapsuleurs"},{"name":"Pinces et Casse-noix","code":"R24F03SF03SS04","id":"26813","type":"RAYON","picto":null,"level":4,"sellerId":null,"slug":"pinces-et-casse-noix","selected":false,"children":null,"layers":"\/navigation\/26813\/layers","link":"\/r\/maison-decoration\/cuisine\/ustensiles-cuisine\/pinces-et-casse-noix"},{"name":"Bols de cuisine","code":"R24F03SF03SS05","id":"26815","type":"RAYON","picto":null,"level":4,"sellerId":null,"slug":"bols-de-cuisine","selected":false,"children":null,"layers":"\/navigation\/26815\/layers","link":"\/r\/maison-decoration\/cuisine\/ustensiles-cuisine\/bols-de-cuisine"},{"name":"Balances de cuisine et Ustensiles de mesure","code":"R24F03SF03SS06","id":"26810","type":"RAYON","picto":null,"level":4,"sellerId":null,"slug":"balance-de-cuisine","selected":false,"children":null,"layers":"\/navigation\/26810\/layers","link":"\/r\/maison-decoration\/cuisine\/ustensiles-cuisine\/balance-de-cuisine"},{"name":"Gants de cuisine","code":"R24F03SF03SS07","id":"26816","type":"RAYON","picto":null,"level":4,"sellerId":null,"slug":"gants-de-cuisine","selected":false,"children":null,"layers":"\/navigation\/26816\/layers","link":"\/r\/maison-decoration\/cuisine\/ustensiles-cuisine\/gants-de-cuisine"},{"name":"Machines \u00e0 pates","code":"R24F03SF03SS08","id":"26814","type":"RAYON","picto":null,"level":4,"sellerId":null,"slug":"machines-a-pates","selected":false,"children":null,"layers":"\/navigation\/26814\/layers","link":"\/r\/maison-decoration\/cuisine\/ustensiles-cuisine\/machines-a-pates"},{"name":"Autres accessoires","code":"R24F03SF03SS09","id":"26904","type":"RAYON","picto":null,"level":4,"sellerId":null,"slug":"autres-accessoires","selected":false,"children":null,"layers":"\/navigation\/26904\/layers","link":"\/r\/maison-decoration\/cuisine\/ustensiles-cuisine\/autres-accessoires"}],"layers":"\/navigation\/26371\/layers","link":"\/r\/maison-decoration\/cuisine\/ustensiles-cuisine"},{"name":"Emballages et Conservations","code":"R24F03SF04","id":"26372","type":"RAYON","picto":null,"level":3,"sellerId":null,"slug":"emballages-conservations","selected":false,"children":[{"name":"Papiers cuissons et Emballages","code":"R24F03SF04SS01","id":"26817","type":"RAYON","picto":null,"level":4,"sellerId":null,"slug":"papiers-cuissons-et-emballages","selected":false,"children":null,"layers":"\/navigation\/26817\/layers","link":"\/r\/maison-decoration\/cuisine\/emballages-conservations\/papiers-cuissons-et-emballages"},{"name":"Papiers et Barquettes aluminium","code":"R24F03SF04SS02","id":"26818","type":"RAYON","picto":null,"level":4,"sellerId":null,"slug":"papiers-et-barquettes-aluminium","selected":false,"children":null,"layers":"\/navigation\/26818\/layers","link":"\/r\/maison-decoration\/cuisine\/emballages-conservations\/papiers-et-barquettes-aluminium"},{"name":"Bo\u00eetes de conservation","code":"R24F03SF04SS03","id":"26819","type":"RAYON","picto":null,"level":4,"sellerId":null,"slug":"boites-de-conservation","selected":false,"children":null,"layers":"\/navigation\/26819\/layers","link":"\/r\/maison-decoration\/cuisine\/emballages-conservations\/boites-de-conservation"},{"name":"Bocaux","code":"R24F03SF04SS04","id":"26820","type":"RAYON","picto":null,"level":4,"sellerId":null,"slug":"bocaux","selected":false,"children":null,"layers":"\/navigation\/26820\/layers","link":"\/r\/maison-decoration\/cuisine\/emballages-conservations\/bocaux"},{"name":"Lunch box","code":"R24F03SF04SS05","id":"26821","type":"RAYON","picto":null,"level":4,"sellerId":null,"slug":"lunch-box","selected":false,"children":null,"layers":"\/navigation\/26821\/layers","link":"\/r\/maison-decoration\/cuisine\/emballages-conservations\/lunch-box"},{"name":"Glaci\u00e8res, Thermos et Sacs isothermes","code":"R24F03SF04SS06","id":"26866","type":"RAYON","picto":null,"level":4,"sellerId":null,"slug":"thermos-sacs-isothermes","selected":false,"children":null,"layers":"\/navigation\/26866\/layers","link":"\/r\/maison-decoration\/cuisine\/emballages-conservations\/thermos-sacs-isothermes"},{"name":"Machines de mise \u00e0 sous vide","code":"R24F03SF04SS07","id":"26873","type":"RAYON","picto":null,"level":4,"sellerId":null,"slug":"machine-de-mise-a-sous-vide","selected":false,"children":null,"layers":"\/navigation\/26873\/layers","link":"\/r\/maison-decoration\/cuisine\/emballages-conservations\/machine-de-mise-a-sous-vide"}],"layers":"\/navigation\/26372\/layers","link":"\/r\/maison-decoration\/cuisine\/emballages-conservations"}],"layers":"\/navigation\/26146\/layers","link":"\/r\/maison-decoration\/cuisine"},{"name":"Mobilier et D\u00e9coration","code":"R24F04","id":"26148","type":"RAYON","picto":null,"level":2,"sellerId":null,"slug":"mobilier-decoration","selected":false,"children":[{"name":"Sapins et d\u00e9corations de No\u00ebl ","code":"R24F03SF01","id":"26387","type":"RAYON","picto":null,"level":3,"sellerId":null,"slug":"sapins-decorations-noel","selected":false,"children":[{"name":"Sapins","code":"R24F03SF01SS01","id":"28684","type":"RAYON","picto":null,"level":4,"sellerId":null,"slug":"sapin","selected":false,"children":null,"layers":"\/navigation\/28684\/layers","link":"\/r\/maison-decoration\/mobilier-decoration\/sapins-decorations-noel\/sapin"},{"name":"Guirlandes","code":"R24F03SF01SS02","id":"28685","type":"RAYON","picto":null,"level":4,"sellerId":null,"slug":"guirlande","selected":false,"children":null,"layers":"\/navigation\/28685\/layers","link":"\/r\/maison-decoration\/mobilier-decoration\/sapins-decorations-noel\/guirlande"},{"name":"Guirlandes \u00e9lectriques","code":"R24F03SF01SS03","id":"28686","type":"RAYON","picto":null,"level":4,"sellerId":null,"slug":"guirlande-electrique","selected":false,"children":null,"layers":"\/navigation\/28686\/layers","link":"\/r\/maison-decoration\/mobilier-decoration\/sapins-decorations-noel\/guirlande-electrique"},{"name":"Boules de No\u00ebl","code":"R24F03SF01SS04","id":"28687","type":"RAYON","picto":null,"level":4,"sellerId":null,"slug":"boules-noel","selected":false,"children":null,"layers":"\/navigation\/28687\/layers","link":"\/r\/maison-decoration\/mobilier-decoration\/sapins-decorations-noel\/boules-noel"},{"name":"D\u00e9corations de table de No\u00ebl","code":"R24F03SF01SS05","id":"28689","type":"RAYON","picto":null,"level":4,"sellerId":null,"slug":"decoration-de-table-de-noel","selected":false,"children":null,"layers":"\/navigation\/28689\/layers","link":"\/r\/maison-decoration\/mobilier-decoration\/sapins-decorations-noel\/decoration-de-table-de-noel"},{"name":"Autres d\u00e9corations de No\u00ebl","code":"R24F03SF01SS06","id":"28688","type":"RAYON","picto":null,"level":4,"sellerId":null,"slug":"decoration-noel","selected":false,"children":null,"layers":"\/navigation\/28688\/layers","link":"\/r\/maison-decoration\/mobilier-decoration\/sapins-decorations-noel\/decoration-noel"}],"layers":"\/navigation\/26387\/layers","link":"\/r\/maison-decoration\/mobilier-decoration\/sapins-decorations-noel"},{"name":"Cuisine et Salle de bain","code":"R24F04SF03","id":"26383","type":"RAYON","picto":null,"level":3,"sellerId":null,"slug":"cuisine-salle-de-bain","selected":false,"children":[{"name":"Dessertes et Rangements","code":"R24F04SF03SS03","id":"26837","type":"RAYON","picto":null,"level":4,"sellerId":null,"slug":"dessertes-et-rangements","selected":false,"children":null,"layers":"\/navigation\/26837\/layers","link":"\/r\/maison-decoration\/mobilier-decoration\/cuisine-salle-de-bain\/dessertes-et-rangements"},{"name":"Chariots de course","code":"R24F04SF03SS04","id":"26838","type":"RAYON","picto":null,"level":4,"sellerId":null,"slug":"chariots-de-course","selected":false,"children":null,"layers":"\/navigation\/26838\/layers","link":"\/r\/maison-decoration\/mobilier-decoration\/cuisine-salle-de-bain\/chariots-de-course"},{"name":"Poubelles de cuisine et salle de bain","code":"R24F04SF03SS05","id":"26839","type":"RAYON","picto":null,"level":4,"sellerId":null,"slug":"poubelles-de-cuisines-et-salle-de-bain","selected":false,"children":null,"layers":"\/navigation\/26839\/layers","link":"\/r\/maison-decoration\/mobilier-decoration\/cuisine-salle-de-bain\/poubelles-de-cuisines-et-salle-de-bain"},{"name":"Colonnes de salle de bain","code":"R24F04SF03SS07","id":"26841","type":"RAYON","picto":null,"level":4,"sellerId":null,"slug":"colonnes-de-salle-de-bain","selected":false,"children":null,"layers":"\/navigation\/26841\/layers","link":"\/r\/maison-decoration\/mobilier-decoration\/cuisine-salle-de-bain\/colonnes-de-salle-de-bain"},{"name":"Accessoires de salle de bain","code":"R24F04SF03SS08","id":"26871","type":"RAYON","picto":null,"level":4,"sellerId":null,"slug":"accessoires-salle-de-bain","selected":false,"children":null,"layers":"\/navigation\/26871\/layers","link":"\/r\/maison-decoration\/mobilier-decoration\/cuisine-salle-de-bain\/accessoires-salle-de-bain"}],"layers":"\/navigation\/26383\/layers","link":"\/r\/maison-decoration\/mobilier-decoration\/cuisine-salle-de-bain"},{"name":"Salon","code":"R24F04SF04","id":"26384","type":"RAYON","picto":null,"level":3,"sellerId":null,"slug":"salon","selected":false,"children":[{"name":"Canap\u00e9s, Banquettes, BZ et Clic-clac","code":"R24F04SF04SS01","id":"26842","type":"RAYON","picto":null,"level":4,"sellerId":null,"slug":"canapes-banquettes-bz-clic-clac","selected":false,"children":null,"layers":"\/navigation\/26842\/layers","link":"\/r\/maison-decoration\/mobilier-decoration\/salon\/canapes-banquettes-bz-clic-clac"},{"name":"Chaises, Tabourets et Bars","code":"R24F04SF04SS03","id":"26847","type":"RAYON","picto":null,"level":4,"sellerId":null,"slug":"chaises-tabourets-et-bars","selected":false,"children":null,"layers":"\/navigation\/26847\/layers","link":"\/r\/maison-decoration\/mobilier-decoration\/salon\/chaises-tabourets-et-bars"}],"layers":"\/navigation\/26384\/layers","link":"\/r\/maison-decoration\/mobilier-decoration\/salon"},{"name":"Chambre et Literie","code":"R24F04SF05","id":"26385","type":"RAYON","picto":null,"level":3,"sellerId":null,"slug":"chambre-literie","selected":false,"children":[{"name":"Chambre compl\u00e8te","code":"R24F04SF05SS01","id":"26793","type":"RAYON","picto":null,"level":4,"sellerId":null,"slug":"chambre-complete","selected":false,"children":null,"layers":"\/navigation\/26793\/layers","link":"\/r\/maison-decoration\/mobilier-decoration\/chambre-literie\/chambre-complete"},{"name":"Structures de lit","code":"R24F04SF05SS02","id":"26794","type":"RAYON","picto":null,"level":4,"sellerId":null,"slug":"structures-de-lit","selected":false,"children":null,"layers":"\/navigation\/26794\/layers","link":"\/r\/maison-decoration\/mobilier-decoration\/chambre-literie\/structures-de-lit"},{"name":"Matelas","code":"R24F04SF05SS04","id":"26796","type":"RAYON","picto":null,"level":4,"sellerId":null,"slug":"matelas","selected":false,"children":null,"layers":"\/navigation\/26796\/layers","link":"\/r\/maison-decoration\/mobilier-decoration\/chambre-literie\/matelas"},{"name":"Surmatelas","code":"R24F04SF05SS06","id":"26798","type":"RAYON","picto":null,"level":4,"sellerId":null,"slug":"surmatelas","selected":false,"children":null,"layers":"\/navigation\/26798\/layers","link":"\/r\/maison-decoration\/mobilier-decoration\/chambre-literie\/surmatelas"},{"name":"Armoires","code":"R24F04SF05SS09","id":"26801","type":"RAYON","picto":null,"level":4,"sellerId":null,"slug":"armoires","selected":false,"children":null,"layers":"\/navigation\/26801\/layers","link":"\/r\/maison-decoration\/mobilier-decoration\/chambre-literie\/armoires"},{"name":"Lits pliant et Lits d'appoint","code":"R24F04SF05SS11","id":"26803","type":"RAYON","picto":null,"level":4,"sellerId":null,"slug":"lits-pliant-lits-appoint","selected":false,"children":null,"layers":"\/navigation\/26803\/layers","link":"\/r\/maison-decoration\/mobilier-decoration\/chambre-literie\/lits-pliant-lits-appoint"}],"layers":"\/navigation\/26385\/layers","link":"\/r\/maison-decoration\/mobilier-decoration\/chambre-literie"},{"name":"D\u00e9corations et Parfums d'int\u00e9rieur","code":"R24F04SF06","id":"26386","type":"RAYON","picto":null,"level":3,"sellerId":null,"slug":"decorations-parfums-interieur","selected":false,"children":[{"name":"Tapis et Miroirs","code":"R24F04SF06SS01","id":"26765","type":"RAYON","picto":null,"level":4,"sellerId":null,"slug":"tapis-miroirs","selected":false,"children":null,"layers":"\/navigation\/26765\/layers","link":"\/r\/maison-decoration\/mobilier-decoration\/decorations-parfums-interieur\/tapis-miroirs"},{"name":"Coussins","code":"R24F04SF06SS02","id":"26860","type":"RAYON","picto":null,"level":4,"sellerId":null,"slug":"coussins","selected":false,"children":null,"layers":"\/navigation\/26860\/layers","link":"\/r\/maison-decoration\/mobilier-decoration\/decorations-parfums-interieur\/coussins"},{"name":"Accessoires de d\u00e9coration","code":"R24F04SF06SS03","id":"26766","type":"RAYON","picto":null,"level":4,"sellerId":null,"slug":"accessoires-de-decoration","selected":false,"children":null,"layers":"\/navigation\/26766\/layers","link":"\/r\/maison-decoration\/mobilier-decoration\/decorations-parfums-interieur\/accessoires-de-decoration"},{"name":"Bougies","code":"R24F04SF06SS04","id":"26767","type":"RAYON","picto":null,"level":4,"sellerId":null,"slug":"bougies","selected":false,"children":null,"layers":"\/navigation\/26767\/layers","link":"\/r\/maison-decoration\/mobilier-decoration\/decorations-parfums-interieur\/bougies"},{"name":"Parfums d'int\u00e9rieur et Encens","code":"R24F04SF06SS05","id":"26768","type":"RAYON","picto":null,"level":4,"sellerId":null,"slug":"parfums-interieur-encens","selected":false,"children":null,"layers":"\/navigation\/26768\/layers","link":"\/r\/maison-decoration\/mobilier-decoration\/decorations-parfums-interieur\/parfums-interieur-encens"}],"layers":"\/navigation\/26386\/layers","link":"\/r\/maison-decoration\/mobilier-decoration\/decorations-parfums-interieur"},{"name":"Rangements","code":"R24F04SF08","id":"26389","type":"RAYON","picto":null,"level":3,"sellerId":null,"slug":"rangements","selected":false,"children":[{"name":"Etag\u00e8res","code":"R24F04SF08SS01","id":"26761","type":"RAYON","picto":null,"level":4,"sellerId":null,"slug":"etageres","selected":false,"children":null,"layers":"\/navigation\/26761\/layers","link":"\/r\/maison-decoration\/mobilier-decoration\/rangements\/etageres"},{"name":"Housses de rangement","code":"R24F04SF08SS02","id":"26762","type":"RAYON","picto":null,"level":4,"sellerId":null,"slug":"housses-de-rangement","selected":false,"children":null,"layers":"\/navigation\/26762\/layers","link":"\/r\/maison-decoration\/mobilier-decoration\/rangements\/housses-de-rangement"},{"name":"Bo\u00eetes et Tours de rangement","code":"R24F04SF08SS03","id":"26763","type":"RAYON","picto":null,"level":4,"sellerId":null,"slug":"boites-tours-de-rangement","selected":false,"children":null,"layers":"\/navigation\/26763\/layers","link":"\/r\/maison-decoration\/mobilier-decoration\/rangements\/boites-tours-de-rangement"},{"name":"Malles, Coffres et Cantines m\u00e9talliques","code":"R24F04SF08SS04","id":"26760","type":"RAYON","picto":null,"level":4,"sellerId":null,"slug":"malles-coffres-cantines-metalliques","selected":false,"children":null,"layers":"\/navigation\/26760\/layers","link":"\/r\/maison-decoration\/mobilier-decoration\/rangements\/malles-coffres-cantines-metalliques"},{"name":"Paniers","code":"R24F04SF08SS05","id":"26869","type":"RAYON","picto":null,"level":4,"sellerId":null,"slug":"paniers","selected":false,"children":null,"layers":"\/navigation\/26869\/layers","link":"\/r\/maison-decoration\/mobilier-decoration\/rangements\/paniers"},{"name":"Rangements \u00e0 chaussures et sp\u00e9ciaux","code":"R24F04SF08SS06","id":"26764","type":"RAYON","picto":null,"level":4,"sellerId":null,"slug":"rangements-a-chaussures-speciaux","selected":false,"children":null,"layers":"\/navigation\/26764\/layers","link":"\/r\/maison-decoration\/mobilier-decoration\/rangements\/rangements-a-chaussures-speciaux"}],"layers":"\/navigation\/26389\/layers","link":"\/r\/maison-decoration\/mobilier-decoration\/rangements"}],"layers":"\/navigation\/26148\/layers","link":"\/r\/maison-decoration\/mobilier-decoration"}],"layers":"\/navigation\/26024\/layers","link":"\/r\/maison-decoration"},{"name":"Mode et Bagagerie","code":"R25","id":"26025","type":"RAYON","picto":"https:\/\/media.carrefour.fr\/medias\/b21744f2a43437b6821caa6394c8dff0\/p_96x96\/26025.jpg","level":1,"sellerId":null,"slug":"mode-bagagerie","selected":false,"children":[{"name":"Femme","code":"R25F02","id":"26149","type":"RAYON","picto":null,"level":2,"sellerId":null,"slug":"femme","selected":false,"children":[{"name":"V\u00eatements","code":"R25F02SF01","id":"26390","type":"RAYON","picto":null,"level":3,"sellerId":null,"slug":"vetements","selected":false,"children":[{"name":"Hauts","code":"R25F02SF01SS01","id":"26459","type":"RAYON","picto":null,"level":4,"sellerId":null,"slug":"hauts","selected":false,"children":null,"layers":"\/navigation\/26459\/layers","link":"\/r\/mode-bagagerie\/femme\/vetements\/hauts"},{"name":"Pantalons et Jeans","code":"R25F02SF01SS04","id":"26464","type":"RAYON","picto":null,"level":4,"sellerId":null,"slug":"pantalons-jeans","selected":false,"children":null,"layers":"\/navigation\/26464\/layers","link":"\/r\/mode-bagagerie\/femme\/vetements\/pantalons-jeans"}],"layers":"\/navigation\/26390\/layers","link":"\/r\/mode-bagagerie\/femme\/vetements"},{"name":"Chaussons et Chaussures","code":"R25F02SF02","id":"26391","type":"RAYON","picto":null,"level":3,"sellerId":null,"slug":"chaussons-chaussures","selected":false,"children":[{"name":"Chaussures","code":"R25F02SF02SS01","id":"26465","type":"RAYON","picto":null,"level":4,"sellerId":null,"slug":"chaussures","selected":false,"children":null,"layers":"\/navigation\/26465\/layers","link":"\/r\/mode-bagagerie\/femme\/chaussons-chaussures\/chaussures"},{"name":"Chaussons","code":"R25F02SF02SS04","id":"26468","type":"RAYON","picto":null,"level":4,"sellerId":null,"slug":"chaussons","selected":false,"children":null,"layers":"\/navigation\/26468\/layers","link":"\/r\/mode-bagagerie\/femme\/chaussons-chaussures\/chaussons"}],"layers":"\/navigation\/26391\/layers","link":"\/r\/mode-bagagerie\/femme\/chaussons-chaussures"},{"name":"Sous-v\u00eatements et Pyjamas","code":"R25F02SF03","id":"26739","type":"RAYON","picto":null,"level":3,"sellerId":null,"slug":"sous-vetements","selected":false,"children":[{"name":"Soutiens-gorge","code":"R25F02SF03SS01","id":"26742","type":"RAYON","picto":null,"level":4,"sellerId":null,"slug":"soutiens-gorge","selected":false,"children":null,"layers":"\/navigation\/26742\/layers","link":"\/r\/mode-bagagerie\/femme\/sous-vetements\/soutiens-gorge"},{"name":"Culottes et Shorty","code":"R25F02SF03SS02","id":"26743","type":"RAYON","picto":null,"level":4,"sellerId":null,"slug":"culottes-shorty","selected":false,"children":null,"layers":"\/navigation\/26743\/layers","link":"\/r\/mode-bagagerie\/femme\/sous-vetements\/culottes-shorty"},{"name":"Pyjamas","code":"R25F02SF03SS03","id":"26744","type":"RAYON","picto":null,"level":4,"sellerId":null,"slug":"pyjamas","selected":false,"children":null,"layers":"\/navigation\/26744\/layers","link":"\/r\/mode-bagagerie\/femme\/sous-vetements\/pyjamas"},{"name":"Chaussettes","code":"R25F02SF03SS05","id":"26741","type":"RAYON","picto":null,"level":4,"sellerId":null,"slug":"chaussettes","selected":false,"children":null,"layers":"\/navigation\/26741\/layers","link":"\/r\/mode-bagagerie\/femme\/sous-vetements\/chaussettes"}],"layers":"\/navigation\/26739\/layers","link":"\/r\/mode-bagagerie\/femme\/sous-vetements"},{"name":"Collants, mi-bas et bas","code":"R25F02SF04","id":"26740","type":"RAYON","picto":null,"level":3,"sellerId":null,"slug":"collants","selected":false,"children":null,"layers":"\/navigation\/26740\/layers","link":"\/r\/mode-bagagerie\/femme\/collants"},{"name":"Accessoires","code":"R25F02SF06","id":"26395","type":"RAYON","picto":null,"level":3,"sellerId":null,"slug":"accessoires","selected":false,"children":null,"layers":"\/navigation\/26395\/layers","link":"\/r\/mode-bagagerie\/femme\/accessoires"}],"layers":"\/navigation\/26149\/layers","link":"\/r\/mode-bagagerie\/femme"},{"name":"Homme","code":"R25F03","id":"26150","type":"RAYON","picto":null,"level":2,"sellerId":null,"slug":"homme","selected":false,"children":[{"name":"V\u00eatements","code":"R25F03SF01","id":"26396","type":"RAYON","picto":null,"level":3,"sellerId":null,"slug":"vetements","selected":false,"children":[{"name":"T-shirts et D\u00e9bardeurs","code":"R25F03SF01SS01","id":"26932","type":"RAYON","picto":null,"level":4,"sellerId":null,"slug":"t-shirts-debardeurs","selected":false,"children":null,"layers":"\/navigation\/26932\/layers","link":"\/r\/mode-bagagerie\/homme\/vetements\/t-shirts-debardeurs"},{"name":"Pantalons et Jeans","code":"R25F03SF01SS04","id":"26728","type":"RAYON","picto":null,"level":4,"sellerId":null,"slug":"pantalons-jeans","selected":false,"children":null,"layers":"\/navigation\/26728\/layers","link":"\/r\/mode-bagagerie\/homme\/vetements\/pantalons-jeans"}],"layers":"\/navigation\/26396\/layers","link":"\/r\/mode-bagagerie\/homme\/vetements"},{"name":"Chaussons et Chaussures","code":"R25F03SF02","id":"26397","type":"RAYON","picto":null,"level":3,"sellerId":null,"slug":"chaussons-chaussures","selected":false,"children":[{"name":"Chaussures","code":"R25F03SF02SS01","id":"26731","type":"RAYON","picto":null,"level":4,"sellerId":null,"slug":"chaussures","selected":false,"children":null,"layers":"\/navigation\/26731\/layers","link":"\/r\/mode-bagagerie\/homme\/chaussons-chaussures\/chaussures"},{"name":"Baskets","code":"R25F03SF02SS02","id":"26733","type":"RAYON","picto":null,"level":4,"sellerId":null,"slug":"baskets","selected":false,"children":null,"layers":"\/navigation\/26733\/layers","link":"\/r\/mode-bagagerie\/homme\/chaussons-chaussures\/baskets"},{"name":"Chaussons","code":"R25F03SF02SS03","id":"26735","type":"RAYON","picto":null,"level":4,"sellerId":null,"slug":"chaussons","selected":false,"children":null,"layers":"\/navigation\/26735\/layers","link":"\/r\/mode-bagagerie\/homme\/chaussons-chaussures\/chaussons"}],"layers":"\/navigation\/26397\/layers","link":"\/r\/mode-bagagerie\/homme\/chaussons-chaussures"},{"name":"Sous-v\u00eatements et Pyjamas","code":"R25F03SF03","id":"26398","type":"RAYON","picto":null,"level":3,"sellerId":null,"slug":"sous-vetements","selected":false,"children":[{"name":"Boxers, Cale\u00e7ons et Slips","code":"R25F03SF03SS01","id":"26746","type":"RAYON","picto":null,"level":4,"sellerId":null,"slug":"boxers-calecons-slips","selected":false,"children":null,"layers":"\/navigation\/26746\/layers","link":"\/r\/mode-bagagerie\/homme\/sous-vetements\/boxers-calecons-slips"},{"name":"Chaussettes","code":"R25F03SF03SS02","id":"26748","type":"RAYON","picto":null,"level":4,"sellerId":null,"slug":"chaussettes","selected":false,"children":null,"layers":"\/navigation\/26748\/layers","link":"\/r\/mode-bagagerie\/homme\/sous-vetements\/chaussettes"},{"name":"Pyjamas","code":"R25F03SF03SS03","id":"26747","type":"RAYON","picto":null,"level":4,"sellerId":null,"slug":"pyjamas","selected":false,"children":null,"layers":"\/navigation\/26747\/layers","link":"\/r\/mode-bagagerie\/homme\/sous-vetements\/pyjamas"}],"layers":"\/navigation\/26398\/layers","link":"\/r\/mode-bagagerie\/homme\/sous-vetements"},{"name":"Accessoires","code":"R25F03SF05","id":"26400","type":"RAYON","picto":null,"level":3,"sellerId":null,"slug":"accessoires","selected":false,"children":null,"layers":"\/navigation\/26400\/layers","link":"\/r\/mode-bagagerie\/homme\/accessoires"}],"layers":"\/navigation\/26150\/layers","link":"\/r\/mode-bagagerie\/homme"},{"name":"Enfant","code":"R25F04","id":"26151","type":"RAYON","picto":null,"level":2,"sellerId":null,"slug":"enfant","selected":false,"children":[{"name":"V\u00eatements Filles 2 \u00e0 14 ans ","code":"R25F04SF01","id":"26401","type":"RAYON","picto":null,"level":3,"sellerId":null,"slug":"vetements-filles-2-a-14-ans","selected":false,"children":[{"name":"T-shirts et Polos","code":"R25F04SF01SS01","id":"26751","type":"RAYON","picto":null,"level":4,"sellerId":null,"slug":"t-shirts-polos","selected":false,"children":null,"layers":"\/navigation\/26751\/layers","link":"\/r\/mode-bagagerie\/enfant\/vetements-filles-2-a-14-ans\/t-shirts-polos"},{"name":"Pantalons","code":"R25F04SF01SS03","id":"26752","type":"RAYON","picto":null,"level":4,"sellerId":null,"slug":"pantalons","selected":false,"children":null,"layers":"\/navigation\/26752\/layers","link":"\/r\/mode-bagagerie\/enfant\/vetements-filles-2-a-14-ans\/pantalons"}],"layers":"\/navigation\/26401\/layers","link":"\/r\/mode-bagagerie\/enfant\/vetements-filles-2-a-14-ans"},{"name":"Chaussures Filles ","code":"R25F04SF02","id":"26403","type":"RAYON","picto":null,"level":3,"sellerId":null,"slug":"chaussures-filles","selected":false,"children":null,"layers":"\/navigation\/26403\/layers","link":"\/r\/mode-bagagerie\/enfant\/chaussures-filles"},{"name":"Chaussettes et Collants Filles","code":"R25F04SF03","id":"26749","type":"RAYON","picto":null,"level":3,"sellerId":null,"slug":"chaussettes-filles","selected":false,"children":null,"layers":"\/navigation\/26749\/layers","link":"\/r\/mode-bagagerie\/enfant\/chaussettes-filles"},{"name":"Sous-v\u00eatements et Pyjamas Filles","code":"R25F04SF04","id":"26918","type":"RAYON","picto":null,"level":3,"sellerId":null,"slug":"sous-vetement-pyjamas-filles","selected":false,"children":[{"name":"Sous-v\u00eatements ","code":"R25F04SF04SS01","id":"26919","type":"RAYON","picto":null,"level":4,"sellerId":null,"slug":"sous-vetement-fille","selected":false,"children":null,"layers":"\/navigation\/26919\/layers","link":"\/r\/mode-bagagerie\/enfant\/sous-vetement-pyjamas-filles\/sous-vetement-fille"}],"layers":"\/navigation\/26918\/layers","link":"\/r\/mode-bagagerie\/enfant\/sous-vetement-pyjamas-filles"},{"name":"V\u00eatements Gar\u00e7ons 2 \u00e0 14 ans","code":"R25F04SF05","id":"26402","type":"RAYON","picto":null,"level":3,"sellerId":null,"slug":"vetements-garcons-2-a-14-ans","selected":false,"children":[{"name":"T-shirts et Polos","code":"R25F04SF05SS01","id":"26756","type":"RAYON","picto":null,"level":4,"sellerId":null,"slug":"t-shirts-polos","selected":false,"children":null,"layers":"\/navigation\/26756\/layers","link":"\/r\/mode-bagagerie\/enfant\/vetements-garcons-2-a-14-ans\/t-shirts-polos"},{"name":"Pantalons","code":"R25F04SF05SS03","id":"26758","type":"RAYON","picto":null,"level":4,"sellerId":null,"slug":"pantalons","selected":false,"children":null,"layers":"\/navigation\/26758\/layers","link":"\/r\/mode-bagagerie\/enfant\/vetements-garcons-2-a-14-ans\/pantalons"}],"layers":"\/navigation\/26402\/layers","link":"\/r\/mode-bagagerie\/enfant\/vetements-garcons-2-a-14-ans"},{"name":"Chaussures Gar\u00e7ons","code":"R25F04SF06","id":"26404","type":"RAYON","picto":null,"level":3,"sellerId":null,"slug":"chaussures-garcons","selected":false,"children":null,"layers":"\/navigation\/26404\/layers","link":"\/r\/mode-bagagerie\/enfant\/chaussures-garcons"},{"name":"Chaussettes Gar\u00e7ons","code":"R25F04SF07","id":"26750","type":"RAYON","picto":null,"level":3,"sellerId":null,"slug":"chaussettes-garcons","selected":false,"children":null,"layers":"\/navigation\/26750\/layers","link":"\/r\/mode-bagagerie\/enfant\/chaussettes-garcons"},{"name":"Sous-v\u00eatements et Pyjamas Gar\u00e7ons","code":"R25F04SF08","id":"26921","type":"RAYON","picto":null,"level":3,"sellerId":null,"slug":"sous-vetements-garcons","selected":false,"children":[{"name":"Sous-v\u00eatements","code":"R25F04SF08SS01","id":"26922","type":"RAYON","picto":null,"level":4,"sellerId":null,"slug":"sous-vetements","selected":false,"children":null,"layers":"\/navigation\/26922\/layers","link":"\/r\/mode-bagagerie\/enfant\/sous-vetements-garcons\/sous-vetements"},{"name":"Pyjamas","code":"R25F04SF08SS02","id":"26923","type":"RAYON","picto":null,"level":4,"sellerId":null,"slug":"pyjama","selected":false,"children":null,"layers":"\/navigation\/26923\/layers","link":"\/r\/mode-bagagerie\/enfant\/sous-vetements-garcons\/pyjama"}],"layers":"\/navigation\/26921\/layers","link":"\/r\/mode-bagagerie\/enfant\/sous-vetements-garcons"},{"name":"Montres Enfant","code":"R25F04SF10","id":"26935","type":"RAYON","picto":null,"level":3,"sellerId":null,"slug":"montre-enfant","selected":false,"children":null,"layers":"\/navigation\/26935\/layers","link":"\/r\/mode-bagagerie\/enfant\/montre-enfant"}],"layers":"\/navigation\/26151\/layers","link":"\/r\/mode-bagagerie\/enfant"},{"name":"Bagagerie et Maroquinerie","code":"R25F05","id":"26152","type":"RAYON","picto":null,"level":2,"sellerId":null,"slug":"bagagerie-maroquinerie","selected":false,"children":[{"name":"Sacs de voyage et sport","code":"R25F05SF03","id":"26408","type":"RAYON","picto":null,"level":3,"sellerId":null,"slug":"sacs-de-voyage-sport","selected":false,"children":null,"layers":"\/navigation\/26408\/layers","link":"\/r\/mode-bagagerie\/bagagerie-maroquinerie\/sacs-de-voyage-sport"},{"name":"Sacs \u00e0 dos et Bananes","code":"R25F05SF04","id":"26409","type":"RAYON","picto":null,"level":3,"sellerId":null,"slug":"sacs-a-dos-et-bananes","selected":false,"children":null,"layers":"\/navigation\/26409\/layers","link":"\/r\/mode-bagagerie\/bagagerie-maroquinerie\/sacs-a-dos-et-bananes"},{"name":"Maroquinerie","code":"R25F05SF05","id":"26410","type":"RAYON","picto":null,"level":3,"sellerId":null,"slug":"maroquinerie","selected":false,"children":null,"layers":"\/navigation\/26410\/layers","link":"\/r\/mode-bagagerie\/bagagerie-maroquinerie\/maroquinerie"},{"name":"Vanity et Accessoires de voyages","code":"R25F05SF06","id":"26411","type":"RAYON","picto":null,"level":3,"sellerId":null,"slug":"vanity-accessoires-voyages","selected":false,"children":null,"layers":"\/navigation\/26411\/layers","link":"\/r\/mode-bagagerie\/bagagerie-maroquinerie\/vanity-accessoires-voyages"},{"name":"Cirages et entretien des chaussures","code":"R25F05SF08","id":"26907","type":"RAYON","picto":null,"level":3,"sellerId":null,"slug":"cirage-entretien-chaussures","selected":false,"children":null,"layers":"\/navigation\/26907\/layers","link":"\/r\/mode-bagagerie\/bagagerie-maroquinerie\/cirage-entretien-chaussures"}],"layers":"\/navigation\/26152\/layers","link":"\/r\/mode-bagagerie\/bagagerie-maroquinerie"}],"layers":"\/navigation\/26025\/layers","link":"\/r\/mode-bagagerie"},{"name":"Tout pour des f\u00eates r\u00e9ussies","code":"R29","id":"28641","type":"RAYON","picto":"https:\/\/media.carrefour.fr\/medias\/1226240e13cc3e1ab2ae955943df60e5\/p_96x96\/28641.jpg","level":1,"sellerId":null,"slug":"noel","selected":false,"children":[{"name":"Repas de F\u00eate","code":"R29F01","id":"28729","type":"RAYON","picto":null,"level":2,"sellerId":null,"slug":"repas-fete","selected":false,"children":[{"name":"Saumon, Foie gras et Caviar","code":"R29F01SF02","id":"28752","type":"RAYON","picto":null,"level":3,"sellerId":null,"slug":"saumon-foie-gras-caviar","selected":false,"children":[{"name":"Caviar","code":"R29F01SF02SS01","id":"28758","type":"RAYON","picto":null,"level":4,"sellerId":null,"slug":"caviar","selected":false,"children":null,"layers":"\/navigation\/28758\/layers","link":"\/r\/noel\/repas-fete\/saumon-foie-gras-caviar\/caviar"},{"name":"Toast et Canap\u00e9","code":"R29F01SF02SS04","id":"28760","type":"RAYON","picto":null,"level":4,"sellerId":null,"slug":"toast-canape","selected":false,"children":null,"layers":"\/navigation\/28760\/layers","link":"\/r\/noel\/repas-fete\/saumon-foie-gras-caviar\/toast-canape"}],"layers":"\/navigation\/28752\/layers","link":"\/r\/noel\/repas-fete\/saumon-foie-gras-caviar"},{"name":"Viandes et Volailles","code":"R29F01SF03","id":"28753","type":"RAYON","picto":null,"level":3,"sellerId":null,"slug":"viandes-volailles","selected":false,"children":[{"name":"Porc","code":"R29F01SF03SS03","id":"28830","type":"RAYON","picto":null,"level":4,"sellerId":null,"slug":"porc","selected":false,"children":null,"layers":"\/navigation\/28830\/layers","link":"\/r\/noel\/repas-fete\/viandes-volailles\/porc"},{"name":"Boeuf et autres viandes","code":"R29F01SF03SS06","id":"28773","type":"RAYON","picto":null,"level":4,"sellerId":null,"slug":"boeuf","selected":false,"children":null,"layers":"\/navigation\/28773\/layers","link":"\/r\/noel\/repas-fete\/viandes-volailles\/boeuf"},{"name":"Sauces","code":"R29F01SF03SS07","id":"28771","type":"RAYON","picto":null,"level":4,"sellerId":null,"slug":"sauces","selected":false,"children":null,"layers":"\/navigation\/28771\/layers","link":"\/r\/noel\/repas-fete\/viandes-volailles\/sauces"},{"name":"Farces","code":"R29F01SF03SS08","id":"28774","type":"RAYON","picto":null,"level":4,"sellerId":null,"slug":"farces","selected":false,"children":null,"layers":"\/navigation\/28774\/layers","link":"\/r\/noel\/repas-fete\/viandes-volailles\/farces"}],"layers":"\/navigation\/28753\/layers","link":"\/r\/noel\/repas-fete\/viandes-volailles"},{"name":"Surgel\u00e9s","code":"R29F01SF06","id":"28822","type":"RAYON","picto":null,"level":3,"sellerId":null,"slug":"surgeles","selected":false,"children":[{"name":"Ap\u00e9ritifs et Entr\u00e9es","code":"R29F01SF06SS01","id":"28824","type":"RAYON","picto":null,"level":4,"sellerId":null,"slug":"peritifs-entrees","selected":false,"children":null,"layers":"\/navigation\/28824\/layers","link":"\/r\/noel\/repas-fete\/surgeles\/peritifs-entrees"},{"name":"Viandes et Poissons","code":"R29F01SF06SS02","id":"28825","type":"RAYON","picto":null,"level":4,"sellerId":null,"slug":"viandes-poissons","selected":false,"children":null,"layers":"\/navigation\/28825\/layers","link":"\/r\/noel\/repas-fete\/surgeles\/viandes-poissons"},{"name":"L\u00e9gumes et Accompagnements","code":"R29F01SF06SS03","id":"28826","type":"RAYON","picto":null,"level":4,"sellerId":null,"slug":"legumes-accompagnements","selected":false,"children":null,"layers":"\/navigation\/28826\/layers","link":"\/r\/noel\/repas-fete\/surgeles\/legumes-accompagnements"},{"name":"B\u00fbches et Desserts","code":"R29F01SF06SS04","id":"28827","type":"RAYON","picto":null,"level":4,"sellerId":null,"slug":"buches-desserts","selected":false,"children":null,"layers":"\/navigation\/28827\/layers","link":"\/r\/noel\/repas-fete\/surgeles\/buches-desserts"}],"layers":"\/navigation\/28822\/layers","link":"\/r\/noel\/repas-fete\/surgeles"}],"layers":"\/navigation\/28729\/layers","link":"\/r\/noel\/repas-fete"},{"name":"D\u00e9coration et Arts de la table","code":"R29F04","id":"28664","type":"RAYON","picto":null,"level":2,"sellerId":null,"slug":"decoration-arts-table","selected":false,"children":[{"name":"Sapins","code":"R29F04SF01","id":"28836","type":"RAYON","picto":null,"level":3,"sellerId":null,"slug":"sapin","selected":false,"children":null,"layers":"\/navigation\/28836\/layers","link":"\/r\/noel\/decoration-arts-table\/sapin"},{"name":"D\u00e9coration","code":"R29F04SF02","id":"28676","type":"RAYON","picto":null,"level":3,"sellerId":null,"slug":"decoration","selected":false,"children":null,"layers":"\/navigation\/28676\/layers","link":"\/r\/noel\/decoration-arts-table\/decoration"}],"layers":"\/navigation\/28664\/layers","link":"\/r\/noel\/decoration-arts-table"}],"layers":"\/navigation\/28641\/layers","link":"\/r\/noel"},{"name":"Services","code":"services","id":"services","type":"RAYON","picto":"","level":1,"sellerId":null,"slug":"","selected":false,"children":[{"name":"Banque et Assurance","code":"services0","id":"services0","type":"RAYON","picto":"https:\/\/static-cms.carrefour.fr\/sites\/default\/files\/2018-06\/ic_nav_banque_v2.svg?itok=bB7_w1_q","level":2,"sellerId":null,"slug":"","selected":false,"children":null,"link":"\/services\/banque-et-assurance"},{"name":"Spectacles","code":"services1","id":"services1","type":"RAYON","picto":"https:\/\/static-cms.carrefour.fr\/sites\/default\/files\/2018-06\/ic_nav_spectacle_v2.svg?itok=bB7_w1_q","level":2,"sellerId":null,"slug":"","selected":false,"target":"_blank","children":null,"link":"https:\/\/www.spectacles.carrefour.fr\/?utm_medium=ecosystem_carrefour&utm_source=carrefour&utm_campaign=services&utm_content=10000_idees_de_sorties"},{"name":"Voyages","code":"services2","id":"services2","type":"RAYON","picto":"https:\/\/static-cms.carrefour.fr\/sites\/default\/files\/2018-06\/ic_voyages_v2.svg?itok=bB7_w1_q","level":2,"sellerId":null,"slug":"","selected":false,"target":"_blank","children":null,"link":"https:\/\/voyages.carrefour.fr\/?utm_source=one_services&utm_medium=carrefour&utm_campaign=carrefour_one"},{"name":"Location","code":"services3","id":"services3","type":"RAYON","picto":"https:\/\/static-cms.carrefour.fr\/sites\/default\/files\/2018-06\/ic_nav_location_v2.svg?itok=bB7_w1_q","level":2,"sellerId":null,"slug":"","selected":false,"children":null,"link":"\/services\/carrefour-location"},{"name":"Carte PASS","code":"services4","id":"services4","type":"RAYON","picto":"https:\/\/static-cms.carrefour.fr\/sites\/default\/files\/2019-10\/ic_nav_cartepass.svg?itok=bB7_w1_q","level":2,"sellerId":null,"slug":"","selected":false,"children":null,"link":"\/services\/carte-pass"},{"name":"Carte Carrefour","code":"services5","id":"services5","type":"RAYON","picto":"https:\/\/static-cms.carrefour.fr\/sites\/default\/files\/2018-06\/ic_nav_carte_carrefour_v2.svg?itok=bB7_w1_q","level":2,"sellerId":null,"slug":"","selected":false,"children":null,"link":"\/services\/carte-carrefour"},{"name":"Commande Traiteur","code":"services6","id":"services6","type":"RAYON","picto":"https:\/\/static-cms.carrefour.fr\/sites\/default\/files\/2018-06\/ic_nav_traiteur_v2.svg?itok=bB7_w1_q","level":2,"sellerId":null,"slug":"","selected":false,"children":null,"link":"\/services\/traiteur-en-ligne"},{"name":"Quitoque","code":"services7","id":"services7","type":"RAYON","picto":"https:\/\/static-cms.carrefour.fr\/sites\/default\/files\/2018-07\/ic_nav_quitoque.svg?itok=bB7_w1_q","level":2,"sellerId":null,"slug":"","selected":false,"children":null,"link":"\/services\/quitoque"},{"name":"Fioul Domestique","code":"services8","id":"services8","type":"RAYON","picto":"https:\/\/static-cms.carrefour.fr\/sites\/default\/files\/2018-06\/ic_nav_fioul_domestique_v2.svg?itok=bB7_w1_q","level":2,"sellerId":null,"slug":"","selected":false,"children":null,"link":"\/services\/fioul-domestique"},{"name":"Prime Eco Travaux","code":"services9","id":"services9","type":"RAYON","picto":"https:\/\/static-cms.carrefour.fr\/sites\/default\/files\/2020-01\/ic_nav_bricolage_domo.svg?itok=bB7_w1_q","level":2,"sellerId":null,"slug":"","selected":false,"target":"_blank","children":null,"link":"https:\/\/www.prime-eco-travaux-carrefour.fr\/"},{"name":"Carte Carburant pros","code":"services10","id":"services10","type":"RAYON","picto":"https:\/\/static-cms.carrefour.fr\/sites\/default\/files\/2020-01\/ic_nav_fioul_domestique.svg?itok=bB7_w1_q","level":2,"sellerId":null,"slug":"","selected":false,"target":"_blank","children":null,"link":"https:\/\/carte-carburant.carrefour.fr\/"}],"link":"\/services"}],"created_at":{"date":"2021-01-04 06:00:01.000000","timezone_type":1,"timezone":"+01:00"}},"links":{"search":"\/s","autocomplete":"\/autocomplete","promotions":"\/promotions","navigation":"\/navigation","recommendation":"\/api\/recommendations","recommendationZones":"\/api\/v1\/recommendations","login":"\/mon-compte\/login","logout":"\/logout","register":"\/mon-compte\/inscription","myAccount":"\/mon-compte","userDetails":"\/mon-compte\/informations","userApiMe":"\/api\/me","storeLocator":"\/magasin","catalog":"\/catalogue","shoppingList":"\/mon-compte\/listes","shoppingListApi":"\/api\/shopping-lists\/:slug","shoppingListItem":"\/mon-compte\/listes\/:slug","shoppingFrequentList":"\/mon-compte\/achats-frequents","shoppingListFavorite":"\/api\/shopping-lists\/favorite","storeLocatorApi":"\/geoloc","storeLocatorZoneCity":"\/magasin\/ville\/inseeCode","storeLocatorZoneRegion":"\/magasin\/region\/inseeCode","storeLocatorZoneDepartment":"\/magasin\/departement\/inseeCode","timeslots":"\/api\/timeslots","firstSlot":"\/api\/firstslot","currentEvents":"\/offres-du-moment","homepage":"\/","diagnosis":"\/faq","mapApi":"AIzaSyBwAZ99kRs1I9WNNtZvG7-KjhkY2WHPSwo","woosmapApiKey":"woos-26fe76aa-ff24-3255-b25b-e1bde7b7a683","slot":"\/api\/cart\/slot","simulate":"\/api\/cart\/simulate","cart":"\/cart","apiCart":"\/api\/cart","subBasketSaveForLater":"\/cart\/save-for-later","attachSlot":"\/api\/cart\/attach-slot","drugstore":"\/boutique\/parapharmacie","setStore":"\/set-store\/{ref}","exceptionalOpenings":"\/magasin\/ouvertures-exceptionnelles","legal":"\/mentions-legales","cookies":"\/cookies","conditionsGeneralesUtilisation":"\/conditions-generales-utilisation","ourBrands":"\/marques","loyaltyClubs":"\/services\/carte-carrefour\/primes","loyaltyConditions":"\/services\/carte-carrefour\/conditions-generales","serviceDrive":"\/services\/drive","serviceClcv":"\/services\/livraison-domicile","serviceMarketplace":"\/services\/carrefour-marketplace","faqDrive":"\/faq\/drive","personalDataProtectionPolicy":"\/articles\/politique-generale-protection-donnees-personnelles","apiRedressAddress":"\/api\/address\/validate","apiSaveBillingAddress":"\/api\/address\/facturation","apiSaveDeliveryAddress":"\/api\/address\/livraison","checkConflictAddress":"\/api\/user\/address\/conflict","editAddress":"\/api\/user\/address\/:address-type","addresses":"\/mon-compte\/mes-adresses","formsTokenApi":"\/api\/user\/forms\/getAddressCsrfToken","self":{"path":"\/r\/boissons\/cave-a-vins"},"backUrl":"https:\/\/www.carrefour.fr\/magasin\/brest","apiEligibility":"\/api\/eligibility","customerService":"https:\/\/carrefour-one.custhelp.com\/?service=le_site_internet","smartAppBannerLink":"https:\/\/carrefour.onelink.me\/1251175874\/4ef319cf","loyaltyPrimesPartner":"https:\/\/www.orias.fr","actForFood":"\/engagements\/act-for-food","cgu":"\/conditions-generales-carte-carrefour","rays":"\/r","cartConflictResolver":"\/api\/cart-conflict-resolver","cartStoreConflictOptions":"\/api\/cart-conflict-options","shoppingListsSummary":"\/api\/shopping-lists","frequentPurchasesOnlineSummary":"\/api\/user\/shopping-lists\/frequent-purchases\/online","frequentPurchasesOfflineSummary":"\/api\/user\/secured\/loyalty\/shopping-lists\/frequent-purchases\/offline","frequentPurchasesOnlineItems":"\/api\/user\/shopping-lists\/frequent-purchases\/online\/items","frequentPurchasesOfflineItems":"\/api\/user\/secured\/loyalty\/shopping-lists\/frequent-purchases\/offline\/items","apiUpdatePrimes":"\/api\/user\/secured\/loyalty\/primes","apiGetPrimesData":"\/api\/primes","primes":"\/mon-compte\/fidelite\/mes-primes","loyaltyBonusesActive":"\/r?filters%5Bfacet_promotions%5D%5B0%5D=Prime%20March%C3%A9&filters%5Bfacet_promotions%5D%5B1%5D=Prime%20famille&filters%5Bfacet_promotions%5D%5B2%5D=Prime%20bio&filters%5Bfacet_promotions%5D%5B3%5D=Prime%20b%C3%A9b%C3%A9&filters%5Bfacet_promotions%5D%5B4%5D=Prime%20animaux&0=noRedirect%3D0","orderList":"\/mon-compte\/mes-achats","loyaltyRegistration":"\/mon-compte\/inscription-fidelite","loyaltySummary":"\/api\/user\/secured\/loyalty\/balance","loyaltyTransactionSummary":"\/api\/user\/secured\/loyalty\/balance-transaction","loyaltyCardAdvantage":"\/services\/carte-carrefour","nutriscoreEditorial":"\/engagements\/nutri-score","staticMapSigning":"\/static-map-sign","alertingBanner":"\/api\/alerting-banner","alertingBannerCookie":"\/api\/set-cookie","attachLoyaltyCardPage":"\/mon-compte\/ma-carte","loyaltyPage":"\/mon-compte\/fidelite","walletPage":"\/mon-compte\/mes-moyens-de-paiement","attachLoyaltyCard":"\/api\/user\/attach-loyalty-card","checkLoyaltyCard":"\/api\/user\/check-loyalty-card","sendLoyaltyCardOneTimePassword":"\/api\/user\/send-otp-loyalty-card","checkLoyaltyCardOneTimePassword":"\/api\/user\/check-otp-loyalty-card","secureLoyaltyCard":"\/api\/user\/loyalty\/secure-loyalty-card","secureLoyaltyCardPage":"\/mon-compte\/fidelite\/securiser-ma-carte","setLoyaltyCardSecretCode":"\/api\/user\/loyalty-secret-code","detachLoyaltyCard":"\/api\/user\/loyalty\/detach-loyalty-card","getLoyaltyCardMedias":"\/api\/user\/medias-loyalty-card","activateLoyaltyCard":"\/api\/user\/activate-loyalty-card","createLoyaltyCard":"\/api\/user\/create-loyalty-card","storeRegion":"\/evenements\/boutique-region","orderAgainPage":"\/mon-compte\/mes-achats\/en-ligne\/commander\/:orderNumber","clickAndCollectOrderAgainPage":"\/mon-compte\/mes-achats\/retrait-2h\/commander\/:orderNumber","onlineOrderDetails":"\/mon-compte\/mes-achats\/en-ligne\/:orderNumber","clickAndCollectOrderDetails":"\/mon-compte\/mes-achats\/retrait-2h\/:orderNumber","getRefundOrderItemsPage":"\/mon-compte\/mes-achats\/remboursement\/:orderNumber","marketplaceOrderDetailsPage":"\/mon-compte\/mes-achats\/marketplace\/:orderNumber\/:subOrderNumber","offlineOrderDetails":"\/mon-compte\/mes-achats\/en-magasin\/:gln\/:date\/:orderNumber","apiOnlineOrders":"\/api\/user\/orders","apiOfflineOrders":"\/api\/user\/secured\/loyalty\/orders\/offline","apiOnlineOrderDetails":"\/api\/user\/orders\/drive-clcv\/:orderNumber","checkonlyOffers":"\/api\/checkonly\/offers","apiSubstitutions":"\/api\/substitutions","apiCouponsList":"\/api\/user\/loyalty\/coupon-collection","apiCouponProducts":"\/api\/user\/loyalty\/coupons\/products\/:couponEan","apiCouponDetails":"\/api\/user\/loyalty\/coupons\/coupon\/:gtin","shoppingListGSAItemCount":"\/api\/shopping-lists\/gsa\/item-count","coupons":"\/mon-compte\/fidelite\/mes-coupons","validateBasket":"\/api\/basket\/{serviceId}\/validate","createOrder":"\/api\/basket\/{serviceId}\/order","timeSlotFinder":"\/api\/timeslotfinder","storePsp":"\/api\/store-psp","consents":"\/mon-compte\/consentements","apiStore":"\/stores\/:ref","changeLoyaltySecretCode":"\/mon-compte\/fidelite\/changer-mon-code-secret","getCouponsSummary":"\/api\/user\/loyalty\/coupons-dashboard","getLoyaltyHistory":"\/mon-compte\/fidelite\/historique","getApiBasketRecommendations":"\/api\/checkout\/recommendations","getApiCustomRecommendations":"\/api\/user\/homepage\/recommendation","clickAndCollectRefundLink":"\/api\/user\/orders\/click-and-collect\/refund-link\/:orderNumber","loyaltyPromotions":"\/promotions?filters%5Bfacet_promotype%5D%5B0%5D=Cagnotte%20fid%C3%A9lit%C3%A9&noRedirect=0","loyaltyCardCgu":"\/api\/loyalty\/cgu","appleWallet":"\/api\/user\/secured\/loyalty\/apple-wallet","partnersListPage":"\/v","marketPlaceCheckout":"\/cart\/marketplace","marketplaceSaveAddress":"\/api\/checkout\/marketplace\/address\/:type","marketplaceSavePhoneNumber":"\/api\/checkout\/marketplace\/phone","marketplaceSelectShippingType":"\/api\/checkout\/marketplace\/shipping","checkoutValidateStep":"\/api\/checkout\/:type\/validate\/:step","innitEditorial":"\/engagements\/innit","tncMarketplace":"\/conditions-generales-utilisation-marketplace","addPendingOffer":"\/api\/cart-add-pending-offer","apiLeonActivated":"\/api\/user\/secured\/loyalty\/leon\/activated","apiLeonDashboard":"\/api\/user\/secured\/loyalty\/leon\/dashboard","apiLeonList":"\/api\/user\/secured\/loyalty\/leon\/list","apiLeonOnSale":"\/api\/user\/secured\/loyalty\/leon\/on_sale","apiLeonSearch":"\/api\/user\/secured\/loyalty\/leon\/search","apiLeonProduct":"\/api\/user\/secured\/loyalty\/leon\/product","apiLeonNutriScan":"\/api\/leon\/nutri_scan","apiLeonForgotten":"\/api\/user\/secured\/loyalty\/leon\/forgotten","allergoboxEditorial":"\/edito\/consotrust-allergobox","apiClearSubBaskets":"\/api\/cart\/clear-subbaskets","getMarketplaceOrderDetails":"\/api\/user\/orders\/marketplace\/:orderNumber\/:subOrderNumber","getClickAndCollectOrderDetails":"\/api\/user\/orders\/click-and-collect\/:orderNumber","critizrHost":"https:\/\/critizr.com","userApiInnitCreate":"\/api\/user\/innit\/profile","userApiInnitDelete":"\/api\/user\/innit\/profile","frequentPurchasesCatalog":"\/achats-frequents","deleteBasketAnonymous":"\/api\/basket\/anonymous","innitOnboarding":"\/innit","apiGetInnitCustomScore":"\/api\/user\/innit\/scores\/:gtin","apiGetInnitMultiCustomScore":"\/api\/user\/innit\/scores","innitProfil":"\/mon-compte\/innit","oneCarrefourFacebookUrl":"https:\/\/fr-fr.facebook.com\/carrefour","searchMandar":"\/r?filters%5Bfacet_marque%5D%5B0%5D=MANDAR","catalogReservationForm":"\/evenements\/recapitulatif-reservation","vouchers":"\/api\/cart\/vouchers"},"currentDate":"2021-01-04T15:54:10+01:00","search":{"data":[{"type":"product","id":"product-3306380119965","attributes":{"ean":"3306380119965","cdbase":"5512191","title":"Vin Rouge Bordeaux Lussac Saint Emilion Merlot - Cabernet Franc  - Cabernet Sauvignon L DE LUSSAC","brand":"REFS.SANS MARQUE","slug":"vin-rouge-bordeaux-lussac-saint-emilion-merlot-cabernet-franc-cabernet-sauvignon-l-de-lussac","availability":{"indispensable":false,"purchasable":true,"stopped":false,"suspended":false,"suspensionReason":null,"checkable":false,"currentStoreOffer":null},"price":{"price":6.2000000000000002,"unitOfMeasure":"Litre","perUnitLabel":"8.27 \u20ac \/ Litre","taxMessage":"","perUnit":8.2699999999999996},"ordering":{"min":1,"step":1,"max":36},"offerServiceId":"0261-150-6","uri":"boissons\/cave-a-vins\/vins-rouges\/bordeaux","categories":[{"id":"27070","code":"R10","slug":"boissons","label":"Boissons","uri":"boissons","type":"RAYON","level":1,"sellerId":null},{"id":"27074","code":"R10F02","slug":"cave-a-vins","label":"Cave \u00e0 vins","uri":"boissons\/cave-a-vins","type":"RAYON","level":2,"sellerId":null},{"id":"27105","code":"R10F02SF01","slug":"vins-rouges","label":"Vins rouges","uri":"boissons\/cave-a-vins\/vins-rouges","type":"RAYON","level":3,"sellerId":null},{"id":"27141","code":"R10F02SF01SS01","slug":"bordeaux","label":"Bordeaux","uri":"boissons\/cave-a-vins\/vins-rouges\/bordeaux","type":"RAYON","level":4,"sellerId":null}],"topCategoryName":"Boissons","images":[{"largest":"\/media\/1500x1500\/Photosite\/PGC\/BOISSONS\/3306380119965_PHOTOSITE_20200213_172230_0.jpg?placeholder=1","1500x1500":"\/media\/1500x1500\/Photosite\/PGC\/BOISSONS\/3306380119965_PHOTOSITE_20200213_172230_0.jpg?placeholder=1","540x540":"\/media\/540x540\/Photosite\/PGC\/BOISSONS\/3306380119965_PHOTOSITE_20200213_172230_0.jpg?placeholder=1","380x380":"\/media\/380x380\/Photosite\/PGC\/BOISSONS\/3306380119965_PHOTOSITE_20200213_172230_0.jpg?placeholder=1","340x340":"\/media\/340x340\/Photosite\/PGC\/BOISSONS\/3306380119965_PHOTOSITE_20200213_172230_0.jpg?placeholder=1","340x240":"\/media\/340x240\/Photosite\/PGC\/BOISSONS\/3306380119965_PHOTOSITE_20200213_172230_0.jpg?placeholder=1","280x280":"\/media\/280x280\/Photosite\/PGC\/BOISSONS\/3306380119965_PHOTOSITE_20200213_172230_0.jpg?placeholder=1","195x195":"\/media\/195x195\/Photosite\/PGC\/BOISSONS\/3306380119965_PHOTOSITE_20200213_172230_0.jpg?placeholder=1","150x150":"\/media\/150x150\/Photosite\/PGC\/BOISSONS\/3306380119965_PHOTOSITE_20200213_172230_0.jpg?placeholder=1","43x43":"\/media\/43x43\/Photosite\/PGC\/BOISSONS\/3306380119965_PHOTOSITE_20200213_172230_0.jpg?placeholder=1"}],"promotion":null,"isDonation":false,"highlightLabel":null,"seller":null,"sellerId":null,"marketplace":null,"freshness":null,"traceability":null,"flags":[],"clubs":[],"packaging":"la bouteille de 75cL","origin":"","format":"75cL"},"relationships":{"substitution":null},"meta":{"recommendation":null,"cta":"buy","features":{"shoppingList":true,"deletable":false,"swap":false,"feedback":false,"freshness":true}},"links":{"self":"\/p\/vin-rouge-bordeaux-lussac-saint-emilion-merlot-cabernet-franc-cabernet-sauvignon-l-de-lussac-3306380119965?t=27074"}},{"type":"product","id":"product-3245415191722","attributes":{"ean":"3245415191722","cdbase":"4348974","title":"Vin Rouge Sud Ouest Bergerac Merlot - Cabernet Sauvignon - Cabernet Franc LA CAVE D'AUGUSTIN FLORENT","brand":"CAVE AUGUSTIN FLOREN","slug":"vin-rouge-sud-ouest-bergerac-merlot-cabernet-sauvignon-cabernet-franc-la-cave-d-augustin-florent","availability":{"indispensable":false,"purchasable":true,"stopped":false,"suspended":false,"suspensionReason":null,"checkable":false,"currentStoreOffer":null},"price":{"price":13.5,"unitOfMeasure":"Litre","perUnitLabel":"2.70 \u20ac \/ Litre","taxMessage":"","perUnit":2.7000000000000002},"ordering":{"min":1,"step":1,"max":36},"offerServiceId":"0261-150-6","uri":"boissons\/cave-a-vins\/fontaines-vins","categories":[{"id":"27070","code":"R10","slug":"boissons","label":"Boissons","uri":"boissons","type":"RAYON","level":1,"sellerId":null},{"id":"27074","code":"R10F02","slug":"cave-a-vins","label":"Cave \u00e0 vins","uri":"boissons\/cave-a-vins","type":"RAYON","level":2,"sellerId":null},{"id":"27140","code":"R10F02SF05","slug":"fontaines-vins","label":"Fontaines \u00e0 vins","uri":"boissons\/cave-a-vins\/fontaines-vins","type":"RAYON","level":3,"sellerId":null}],"topCategoryName":"Boissons","images":[{"largest":"\/media\/1500x1500\/Photosite\/PGC\/BOISSONS\/3245415191722_PHOTOSITE_20200213_172209_0.jpg?placeholder=1","1500x1500":"\/media\/1500x1500\/Photosite\/PGC\/BOISSONS\/3245415191722_PHOTOSITE_20200213_172209_0.jpg?placeholder=1","540x540":"\/media\/540x540\/Photosite\/PGC\/BOISSONS\/3245415191722_PHOTOSITE_20200213_172209_0.jpg?placeholder=1","380x380":"\/media\/380x380\/Photosite\/PGC\/BOISSONS\/3245415191722_PHOTOSITE_20200213_172209_0.jpg?placeholder=1","340x340":"\/media\/340x340\/Photosite\/PGC\/BOISSONS\/3245415191722_PHOTOSITE_20200213_172209_0.jpg?placeholder=1","340x240":"\/media\/340x240\/Photosite\/PGC\/BOISSONS\/3245415191722_PHOTOSITE_20200213_172209_0.jpg?placeholder=1","280x280":"\/media\/280x280\/Photosite\/PGC\/BOISSONS\/3245415191722_PHOTOSITE_20200213_172209_0.jpg?placeholder=1","195x195":"\/media\/195x195\/Photosite\/PGC\/BOISSONS\/3245415191722_PHOTOSITE_20200213_172209_0.jpg?placeholder=1","150x150":"\/media\/150x150\/Photosite\/PGC\/BOISSONS\/3245415191722_PHOTOSITE_20200213_172209_0.jpg?placeholder=1","43x43":"\/media\/43x43\/Photosite\/PGC\/BOISSONS\/3245415191722_PHOTOSITE_20200213_172209_0.jpg?placeholder=1"}],"promotion":null,"isDonation":false,"highlightLabel":null,"seller":null,"sellerId":null,"marketplace":null,"freshness":null,"traceability":null,"flags":[],"clubs":[],"packaging":"la fontaine de 5L","origin":"","format":"5L"},"relationships":{"substitution":null},"meta":{"recommendation":null,"cta":"buy","features":{"shoppingList":true,"deletable":false,"swap":false,"feedback":false,"freshness":true}},"links":{"self":"\/p\/vin-rouge-sud-ouest-bergerac-merlot-cabernet-sauvignon-cabernet-franc-la-cave-d-augustin-florent-3245415191722?t=27074"}},{"type":"product","id":"product-3270190129363","attributes":{"ean":"3270190129363","cdbase":"1183482","title":"Vin Rouge Vall\u00e9e du Rh\u00f4ne C\u00f4tes du Rh\u00f4ne Grenache - Syrah LA CAVE D'AUGUSTIN FLORENT","brand":"CAVE AUGUSTIN FLOREN","slug":"vin-rouge-vallee-du-rhone-cotes-du-rhone-grenache-syrah-la-cave-d-augustin-florent","availability":{"indispensable":false,"purchasable":true,"stopped":false,"suspended":false,"suspensionReason":null,"checkable":false,"currentStoreOffer":null},"price":{"price":10.699999999999999,"unitOfMeasure":"Litre","perUnitLabel":"3.57 \u20ac \/ Litre","taxMessage":"","perUnit":3.5699999999999998},"ordering":{"min":1,"step":1,"max":36},"offerServiceId":"0261-150-6","uri":"boissons\/cave-a-vins\/fontaines-vins","categories":[{"id":"27070","code":"R10","slug":"boissons","label":"Boissons","uri":"boissons","type":"RAYON","level":1,"sellerId":null},{"id":"27074","code":"R10F02","slug":"cave-a-vins","label":"Cave \u00e0 vins","uri":"boissons\/cave-a-vins","type":"RAYON","level":2,"sellerId":null},{"id":"27140","code":"R10F02SF05","slug":"fontaines-vins","label":"Fontaines \u00e0 vins","uri":"boissons\/cave-a-vins\/fontaines-vins","type":"RAYON","level":3,"sellerId":null}],"topCategoryName":"Boissons","images":[{"largest":"\/media\/1500x1500\/Photosite\/PGC\/BOISSONS\/3270190129363_PHOTOSITE_20200213_171117_0.jpg?placeholder=1","1500x1500":"\/media\/1500x1500\/Photosite\/PGC\/BOISSONS\/3270190129363_PHOTOSITE_20200213_171117_0.jpg?placeholder=1","540x540":"\/media\/540x540\/Photosite\/PGC\/BOISSONS\/3270190129363_PHOTOSITE_20200213_171117_0.jpg?placeholder=1","380x380":"\/media\/380x380\/Photosite\/PGC\/BOISSONS\/3270190129363_PHOTOSITE_20200213_171117_0.jpg?placeholder=1","340x340":"\/media\/340x340\/Photosite\/PGC\/BOISSONS\/3270190129363_PHOTOSITE_20200213_171117_0.jpg?placeholder=1","340x240":"\/media\/340x240\/Photosite\/PGC\/BOISSONS\/3270190129363_PHOTOSITE_20200213_171117_0.jpg?placeholder=1","280x280":"\/media\/280x280\/Photosite\/PGC\/BOISSONS\/3270190129363_PHOTOSITE_20200213_171117_0.jpg?placeholder=1","195x195":"\/media\/195x195\/Photosite\/PGC\/BOISSONS\/3270190129363_PHOTOSITE_20200213_171117_0.jpg?placeholder=1","150x150":"\/media\/150x150\/Photosite\/PGC\/BOISSONS\/3270190129363_PHOTOSITE_20200213_171117_0.jpg?placeholder=1","43x43":"\/media\/43x43\/Photosite\/PGC\/BOISSONS\/3270190129363_PHOTOSITE_20200213_171117_0.jpg?placeholder=1"}],"promotion":null,"isDonation":false,"highlightLabel":null,"seller":null,"sellerId":null,"marketplace":null,"freshness":null,"traceability":null,"flags":[],"clubs":[],"packaging":"la fontaine de 3L","origin":"","format":"3L"},"relationships":{"substitution":null},"meta":{"recommendation":null,"cta":"buy","features":{"shoppingList":true,"deletable":false,"swap":false,"feedback":false,"freshness":true}},"links":{"self":"\/p\/vin-rouge-vallee-du-rhone-cotes-du-rhone-grenache-syrah-la-cave-d-augustin-florent-3270190129363?t=27074"}},{"type":"product","id":"product-7804320087016","attributes":{"ean":"7804320087016","cdbase":"3319174","title":"Vin Rouge Vins \u00e9trangers Chili Carmenere CONCHA Y TORO CASILLERO DEL DIABLO CARMENERE","brand":"REFS.SANS MARQUE","slug":"vin-rouge-vins-etrangers-chili-carmenere-concha-y-toro-casillero-del-diablo-carmenere","availability":{"indispensable":false,"purchasable":true,"stopped":false,"suspended":false,"suspensionReason":null,"checkable":false,"currentStoreOffer":null},"price":{"price":7.6500000000000004,"unitOfMeasure":"Litre","perUnitLabel":"10.20 \u20ac \/ Litre","taxMessage":"","perUnit":10.199999999999999},"ordering":{"min":1,"step":1,"max":36},"offerServiceId":"0261-150-6","uri":"boissons\/cave-a-vins\/vins-etrangers","categories":[{"id":"27070","code":"R10","slug":"boissons","label":"Boissons","uri":"boissons","type":"RAYON","level":1,"sellerId":null},{"id":"27074","code":"R10F02","slug":"cave-a-vins","label":"Cave \u00e0 vins","uri":"boissons\/cave-a-vins","type":"RAYON","level":2,"sellerId":null},{"id":"27139","code":"R10F02SF04","slug":"vins-etrangers","label":"Vins \u00e9trangers","uri":"boissons\/cave-a-vins\/vins-etrangers","type":"RAYON","level":3,"sellerId":null}],"topCategoryName":"Boissons","images":[{"largest":"\/media\/1500x1500\/Photosite\/PGC\/BOISSONS\/7804320087016_PHOTOSITE_20200804_075415_0.jpg?placeholder=1","1500x1500":"\/media\/1500x1500\/Photosite\/PGC\/BOISSONS\/7804320087016_PHOTOSITE_20200804_075415_0.jpg?placeholder=1","540x540":"\/media\/540x540\/Photosite\/PGC\/BOISSONS\/7804320087016_PHOTOSITE_20200804_075415_0.jpg?placeholder=1","380x380":"\/media\/380x380\/Photosite\/PGC\/BOISSONS\/7804320087016_PHOTOSITE_20200804_075415_0.jpg?placeholder=1","340x340":"\/media\/340x340\/Photosite\/PGC\/BOISSONS\/7804320087016_PHOTOSITE_20200804_075415_0.jpg?placeholder=1","340x240":"\/media\/340x240\/Photosite\/PGC\/BOISSONS\/7804320087016_PHOTOSITE_20200804_075415_0.jpg?placeholder=1","280x280":"\/media\/280x280\/Photosite\/PGC\/BOISSONS\/7804320087016_PHOTOSITE_20200804_075415_0.jpg?placeholder=1","195x195":"\/media\/195x195\/Photosite\/PGC\/BOISSONS\/7804320087016_PHOTOSITE_20200804_075415_0.jpg?placeholder=1","150x150":"\/media\/150x150\/Photosite\/PGC\/BOISSONS\/7804320087016_PHOTOSITE_20200804_075415_0.jpg?placeholder=1","43x43":"\/media\/43x43\/Photosite\/PGC\/BOISSONS\/7804320087016_PHOTOSITE_20200804_075415_0.jpg?placeholder=1"}],"promotion":null,"isDonation":false,"highlightLabel":null,"seller":null,"sellerId":null,"marketplace":null,"freshness":null,"traceability":null,"flags":["flag.common.glutenfree"],"clubs":[],"packaging":"la bouteille de 75cL","origin":"","format":"75cL"},"relationships":{"substitution":null},"meta":{"recommendation":null,"cta":"buy","features":{"shoppingList":true,"deletable":false,"swap":false,"feedback":false,"freshness":true}},"links":{"self":"\/p\/vin-rouge-vins-etrangers-chili-carmenere-concha-y-toro-casillero-del-diablo-carmenere-7804320087016?t=27074"}},{"type":"product","id":"product-3455180054478","attributes":{"ean":"3455180054478","cdbase":"2239712","title":"Vin ros\u00e9 Cabernet d'Anjou ","brand":"SANS.","slug":"vin-rose-cabernet-d-anjou","availability":{"indispensable":false,"purchasable":true,"stopped":false,"suspended":false,"suspensionReason":null,"checkable":false,"currentStoreOffer":null},"price":{"price":3.2000000000000002,"unitOfMeasure":"Litre","perUnitLabel":"4.27 \u20ac \/ Litre","taxMessage":"","perUnit":4.2699999999999996},"ordering":{"min":1,"step":1,"max":36},"offerServiceId":"0261-150-6","uri":"boissons\/cave-a-vins\/vins-roses\/val-de-loire","categories":[{"id":"27070","code":"R10","slug":"boissons","label":"Boissons","uri":"boissons","type":"RAYON","level":1,"sellerId":null},{"id":"27074","code":"R10F02","slug":"cave-a-vins","label":"Cave \u00e0 vins","uri":"boissons\/cave-a-vins","type":"RAYON","level":2,"sellerId":null},{"id":"27107","code":"R10F02SF03","slug":"vins-roses","label":"Vins ros\u00e9s","uri":"boissons\/cave-a-vins\/vins-roses","type":"RAYON","level":3,"sellerId":null},{"id":"27163","code":"R10F02SF03SS04","slug":"val-de-loire","label":"Val de Loire","uri":"boissons\/cave-a-vins\/vins-roses\/val-de-loire","type":"RAYON","level":4,"sellerId":null}],"topCategoryName":"Boissons","images":[{"largest":"\/media\/1500x1500\/Photosite\/PGC\/BOISSONS\/3455180054478_PHOTOSITE_20140327_214812_0.jpg?placeholder=1","1500x1500":"\/media\/1500x1500\/Photosite\/PGC\/BOISSONS\/3455180054478_PHOTOSITE_20140327_214812_0.jpg?placeholder=1","540x540":"\/media\/540x540\/Photosite\/PGC\/BOISSONS\/3455180054478_PHOTOSITE_20140327_214812_0.jpg?placeholder=1","380x380":"\/media\/380x380\/Photosite\/PGC\/BOISSONS\/3455180054478_PHOTOSITE_20140327_214812_0.jpg?placeholder=1","340x340":"\/media\/340x340\/Photosite\/PGC\/BOISSONS\/3455180054478_PHOTOSITE_20140327_214812_0.jpg?placeholder=1","340x240":"\/media\/340x240\/Photosite\/PGC\/BOISSONS\/3455180054478_PHOTOSITE_20140327_214812_0.jpg?placeholder=1","280x280":"\/media\/280x280\/Photosite\/PGC\/BOISSONS\/3455180054478_PHOTOSITE_20140327_214812_0.jpg?placeholder=1","195x195":"\/media\/195x195\/Photosite\/PGC\/BOISSONS\/3455180054478_PHOTOSITE_20140327_214812_0.jpg?placeholder=1","150x150":"\/media\/150x150\/Photosite\/PGC\/BOISSONS\/3455180054478_PHOTOSITE_20140327_214812_0.jpg?placeholder=1","43x43":"\/media\/43x43\/Photosite\/PGC\/BOISSONS\/3455180054478_PHOTOSITE_20140327_214812_0.jpg?placeholder=1"},{"largest":"\/media\/1500x1500\/Photosite\/PGC\/BOISSONS\/3455180054478_PHOTOSITE_20140327_214812_7.jpg?placeholder=1","1500x1500":"\/media\/1500x1500\/Photosite\/PGC\/BOISSONS\/3455180054478_PHOTOSITE_20140327_214812_7.jpg?placeholder=1","540x540":"\/media\/540x540\/Photosite\/PGC\/BOISSONS\/3455180054478_PHOTOSITE_20140327_214812_7.jpg?placeholder=1","380x380":"\/media\/380x380\/Photosite\/PGC\/BOISSONS\/3455180054478_PHOTOSITE_20140327_214812_7.jpg?placeholder=1","340x340":"\/media\/340x340\/Photosite\/PGC\/BOISSONS\/3455180054478_PHOTOSITE_20140327_214812_7.jpg?placeholder=1","340x240":"\/media\/340x240\/Photosite\/PGC\/BOISSONS\/3455180054478_PHOTOSITE_20140327_214812_7.jpg?placeholder=1","280x280":"\/media\/280x280\/Photosite\/PGC\/BOISSONS\/3455180054478_PHOTOSITE_20140327_214812_7.jpg?placeholder=1","195x195":"\/media\/195x195\/Photosite\/PGC\/BOISSONS\/3455180054478_PHOTOSITE_20140327_214812_7.jpg?placeholder=1","150x150":"\/media\/150x150\/Photosite\/PGC\/BOISSONS\/3455180054478_PHOTOSITE_20140327_214812_7.jpg?placeholder=1","43x43":"\/media\/43x43\/Photosite\/PGC\/BOISSONS\/3455180054478_PHOTOSITE_20140327_214812_7.jpg?placeholder=1"}],"promotion":null,"isDonation":false,"highlightLabel":null,"seller":null,"sellerId":null,"marketplace":null,"freshness":null,"traceability":null,"flags":[],"clubs":[],"packaging":"la bouteille de 75 cl","origin":"","format":"75cL"},"relationships":{"substitution":null},"meta":{"recommendation":null,"cta":"buy","features":{"shoppingList":true,"deletable":false,"swap":false,"feedback":false,"freshness":true}},"links":{"self":"\/p\/vin-rose-cabernet-d-anjou-3455180054478?t=27074"}},{"type":"product","id":"product-3175528450242","attributes":{"ean":"3175528450242","cdbase":"56409","title":"Vin blanc de table LA VILLAGEOISE","brand":"REFS.SANS MARQUE","slug":"vin-blanc-de-table-la-villageoise","availability":{"indispensable":false,"purchasable":true,"stopped":false,"suspended":false,"suspensionReason":null,"checkable":false,"currentStoreOffer":null},"price":{"price":4.0999999999999996,"unitOfMeasure":"Litre","perUnitLabel":"2.73 \u20ac \/ Litre","taxMessage":"","perUnit":2.73},"ordering":{"min":1,"step":1,"max":36},"offerServiceId":"0261-150-6","uri":"boissons\/cave-a-vins\/vins-blancs\/vins-de-pays-vins-de-table-blanc","categories":[{"id":"27070","code":"R10","slug":"boissons","label":"Boissons","uri":"boissons","type":"RAYON","level":1,"sellerId":null},{"id":"27074","code":"R10F02","slug":"cave-a-vins","label":"Cave \u00e0 vins","uri":"boissons\/cave-a-vins","type":"RAYON","level":2,"sellerId":null},{"id":"27106","code":"R10F02SF02","slug":"vins-blancs","label":"Vins blancs","uri":"boissons\/cave-a-vins\/vins-blancs","type":"RAYON","level":3,"sellerId":null},{"id":"27160","code":"R10F02SF02SS10","slug":"vins-de-pays-vins-de-table-blanc","label":"Vins de pays et Vins de table blanc","uri":"boissons\/cave-a-vins\/vins-blancs\/vins-de-pays-vins-de-table-blanc","type":"RAYON","level":4,"sellerId":null}],"topCategoryName":"Boissons","images":[{"largest":"\/media\/1500x1500\/Photosite\/PGC\/BOISSONS\/3175528450242_PHOTOSITE_20201106_173918_0.jpg?placeholder=1","1500x1500":"\/media\/1500x1500\/Photosite\/PGC\/BOISSONS\/3175528450242_PHOTOSITE_20201106_173918_0.jpg?placeholder=1","540x540":"\/media\/540x540\/Photosite\/PGC\/BOISSONS\/3175528450242_PHOTOSITE_20201106_173918_0.jpg?placeholder=1","380x380":"\/media\/380x380\/Photosite\/PGC\/BOISSONS\/3175528450242_PHOTOSITE_20201106_173918_0.jpg?placeholder=1","340x340":"\/media\/340x340\/Photosite\/PGC\/BOISSONS\/3175528450242_PHOTOSITE_20201106_173918_0.jpg?placeholder=1","340x240":"\/media\/340x240\/Photosite\/PGC\/BOISSONS\/3175528450242_PHOTOSITE_20201106_173918_0.jpg?placeholder=1","280x280":"\/media\/280x280\/Photosite\/PGC\/BOISSONS\/3175528450242_PHOTOSITE_20201106_173918_0.jpg?placeholder=1","195x195":"\/media\/195x195\/Photosite\/PGC\/BOISSONS\/3175528450242_PHOTOSITE_20201106_173918_0.jpg?placeholder=1","150x150":"\/media\/150x150\/Photosite\/PGC\/BOISSONS\/3175528450242_PHOTOSITE_20201106_173918_0.jpg?placeholder=1","43x43":"\/media\/43x43\/Photosite\/PGC\/BOISSONS\/3175528450242_PHOTOSITE_20201106_173918_0.jpg?placeholder=1"}],"promotion":null,"isDonation":false,"highlightLabel":null,"seller":null,"sellerId":null,"marketplace":null,"freshness":null,"traceability":null,"flags":[],"clubs":[],"packaging":"le pack de 6 bouteilles de 25cL","origin":"","format":"25cL"},"relationships":{"substitution":null},"meta":{"recommendation":null,"cta":"buy","features":{"shoppingList":true,"deletable":false,"swap":false,"feedback":false,"freshness":true}},"links":{"self":"\/p\/vin-blanc-de-table-la-villageoise-3175528450242?t=27074"}},{"type":"product","id":"product-8002793000504","attributes":{"ean":"8002793000504","cdbase":"2313168","title":"Vin Rouge Vins \u00e9trangers Chanti D.O.C.G. PICCINI","brand":"REFS.SANS MARQUE","slug":"vin-rouge-vins-etrangers-chanti-d-o-c-g-piccini","availability":{"indispensable":false,"purchasable":true,"stopped":false,"suspended":false,"suspensionReason":null,"checkable":false,"currentStoreOffer":null},"price":{"price":4.4199999999999999,"unitOfMeasure":"Litre","perUnitLabel":"5.89 \u20ac \/ Litre","taxMessage":"","perUnit":5.8899999999999997},"ordering":{"min":1,"step":1,"max":36},"offerServiceId":"0261-150-6","uri":"boissons\/cave-a-vins\/vins-etrangers","categories":[{"id":"27070","code":"R10","slug":"boissons","label":"Boissons","uri":"boissons","type":"RAYON","level":1,"sellerId":null},{"id":"27074","code":"R10F02","slug":"cave-a-vins","label":"Cave \u00e0 vins","uri":"boissons\/cave-a-vins","type":"RAYON","level":2,"sellerId":null},{"id":"27139","code":"R10F02SF04","slug":"vins-etrangers","label":"Vins \u00e9trangers","uri":"boissons\/cave-a-vins\/vins-etrangers","type":"RAYON","level":3,"sellerId":null}],"topCategoryName":"Boissons","images":[{"largest":"\/media\/1500x1500\/Photosite\/PGC\/BOISSONS\/8002793000504_PHOTOSITE_20200822_053311_0.jpg?placeholder=1","1500x1500":"\/media\/1500x1500\/Photosite\/PGC\/BOISSONS\/8002793000504_PHOTOSITE_20200822_053311_0.jpg?placeholder=1","540x540":"\/media\/540x540\/Photosite\/PGC\/BOISSONS\/8002793000504_PHOTOSITE_20200822_053311_0.jpg?placeholder=1","380x380":"\/media\/380x380\/Photosite\/PGC\/BOISSONS\/8002793000504_PHOTOSITE_20200822_053311_0.jpg?placeholder=1","340x340":"\/media\/340x340\/Photosite\/PGC\/BOISSONS\/8002793000504_PHOTOSITE_20200822_053311_0.jpg?placeholder=1","340x240":"\/media\/340x240\/Photosite\/PGC\/BOISSONS\/8002793000504_PHOTOSITE_20200822_053311_0.jpg?placeholder=1","280x280":"\/media\/280x280\/Photosite\/PGC\/BOISSONS\/8002793000504_PHOTOSITE_20200822_053311_0.jpg?placeholder=1","195x195":"\/media\/195x195\/Photosite\/PGC\/BOISSONS\/8002793000504_PHOTOSITE_20200822_053311_0.jpg?placeholder=1","150x150":"\/media\/150x150\/Photosite\/PGC\/BOISSONS\/8002793000504_PHOTOSITE_20200822_053311_0.jpg?placeholder=1","43x43":"\/media\/43x43\/Photosite\/PGC\/BOISSONS\/8002793000504_PHOTOSITE_20200822_053311_0.jpg?placeholder=1"}],"promotion":null,"isDonation":false,"highlightLabel":null,"seller":null,"sellerId":null,"marketplace":null,"freshness":null,"traceability":null,"flags":["flag.common.glutenfree"],"clubs":[],"packaging":"la bouteille de 75cL - Vendues Par ","origin":"","format":"75cL"},"relationships":{"substitution":null},"meta":{"recommendation":null,"cta":"buy","features":{"shoppingList":true,"deletable":false,"swap":false,"feedback":false,"freshness":true}},"links":{"self":"\/p\/vin-rouge-vins-etrangers-chanti-d-o-c-g-piccini-8002793000504?t=27074"}},{"type":"product","id":"product-3211203433220","attributes":{"ean":"3211203433220","cdbase":"2880017","title":"Vin rouge Bordeaux BARON DE LESTAC 2016","brand":"REFS.SANS MARQUE","slug":"vin-rouge-bordeaux-baron-de-lestac-2016","availability":{"indispensable":false,"purchasable":true,"stopped":false,"suspended":false,"suspensionReason":null,"checkable":false,"currentStoreOffer":null},"price":{"price":3.9900000000000002,"unitOfMeasure":"Litre","perUnitLabel":"5.32 \u20ac \/ Litre","taxMessage":"","perUnit":5.3200000000000003},"ordering":{"min":1,"step":1,"max":36},"offerServiceId":"0261-150-6","uri":"boissons\/cave-a-vins\/vins-rouges\/bordeaux","categories":[{"id":"27070","code":"R10","slug":"boissons","label":"Boissons","uri":"boissons","type":"RAYON","level":1,"sellerId":null},{"id":"27074","code":"R10F02","slug":"cave-a-vins","label":"Cave \u00e0 vins","uri":"boissons\/cave-a-vins","type":"RAYON","level":2,"sellerId":null},{"id":"27105","code":"R10F02SF01","slug":"vins-rouges","label":"Vins rouges","uri":"boissons\/cave-a-vins\/vins-rouges","type":"RAYON","level":3,"sellerId":null},{"id":"27141","code":"R10F02SF01SS01","slug":"bordeaux","label":"Bordeaux","uri":"boissons\/cave-a-vins\/vins-rouges\/bordeaux","type":"RAYON","level":4,"sellerId":null}],"topCategoryName":"Boissons","images":[{"largest":"\/media\/1500x1500\/Photosite\/PGC\/BOISSONS\/3211203433220_PHOTOSITE_20201130_084729_0.jpg?placeholder=1","1500x1500":"\/media\/1500x1500\/Photosite\/PGC\/BOISSONS\/3211203433220_PHOTOSITE_20201130_084729_0.jpg?placeholder=1","540x540":"\/media\/540x540\/Photosite\/PGC\/BOISSONS\/3211203433220_PHOTOSITE_20201130_084729_0.jpg?placeholder=1","380x380":"\/media\/380x380\/Photosite\/PGC\/BOISSONS\/3211203433220_PHOTOSITE_20201130_084729_0.jpg?placeholder=1","340x340":"\/media\/340x340\/Photosite\/PGC\/BOISSONS\/3211203433220_PHOTOSITE_20201130_084729_0.jpg?placeholder=1","340x240":"\/media\/340x240\/Photosite\/PGC\/BOISSONS\/3211203433220_PHOTOSITE_20201130_084729_0.jpg?placeholder=1","280x280":"\/media\/280x280\/Photosite\/PGC\/BOISSONS\/3211203433220_PHOTOSITE_20201130_084729_0.jpg?placeholder=1","195x195":"\/media\/195x195\/Photosite\/PGC\/BOISSONS\/3211203433220_PHOTOSITE_20201130_084729_0.jpg?placeholder=1","150x150":"\/media\/150x150\/Photosite\/PGC\/BOISSONS\/3211203433220_PHOTOSITE_20201130_084729_0.jpg?placeholder=1","43x43":"\/media\/43x43\/Photosite\/PGC\/BOISSONS\/3211203433220_PHOTOSITE_20201130_084729_0.jpg?placeholder=1"}],"promotion":null,"isDonation":false,"highlightLabel":null,"seller":null,"sellerId":null,"marketplace":null,"freshness":null,"traceability":null,"flags":["flag.common.aop"],"clubs":[],"packaging":"la bouteille de 75cL","origin":"","format":"75cL"},"relationships":{"substitution":null},"meta":{"recommendation":null,"cta":"buy","features":{"shoppingList":true,"deletable":false,"swap":false,"feedback":false,"freshness":true}},"links":{"self":"\/p\/vin-rouge-bordeaux-baron-de-lestac-2016-3211203433220?t=27074"}},{"type":"product","id":"product-3306380117978","attributes":{"ean":"3306380117978","cdbase":"5382590","title":"Vin Rouge Bordeaux Puisseguin Saint Emilion Merlot - Cabernet Franc  - Cabernet Sauvignon P DE PUISSEGUIN","brand":"REFS.SANS MARQUE","slug":"vin-rouge-bordeaux-puisseguin-saint-emilion-merlot-cabernet-franc-cabernet-sauvignon-p-de-puisseguin","availability":{"indispensable":false,"purchasable":true,"stopped":false,"suspended":false,"suspensionReason":null,"checkable":false,"currentStoreOffer":null},"price":{"price":5.9500000000000002,"unitOfMeasure":"Litre","perUnitLabel":"7.93 \u20ac \/ Litre","taxMessage":"","perUnit":7.9299999999999997},"ordering":{"min":1,"step":1,"max":36},"offerServiceId":"0261-150-6","uri":"boissons\/cave-a-vins\/vins-rouges\/bordeaux","categories":[{"id":"27070","code":"R10","slug":"boissons","label":"Boissons","uri":"boissons","type":"RAYON","level":1,"sellerId":null},{"id":"27074","code":"R10F02","slug":"cave-a-vins","label":"Cave \u00e0 vins","uri":"boissons\/cave-a-vins","type":"RAYON","level":2,"sellerId":null},{"id":"27105","code":"R10F02SF01","slug":"vins-rouges","label":"Vins rouges","uri":"boissons\/cave-a-vins\/vins-rouges","type":"RAYON","level":3,"sellerId":null},{"id":"27141","code":"R10F02SF01SS01","slug":"bordeaux","label":"Bordeaux","uri":"boissons\/cave-a-vins\/vins-rouges\/bordeaux","type":"RAYON","level":4,"sellerId":null}],"topCategoryName":"Boissons","images":[{"largest":"\/media\/1500x1500\/Photosite\/PGC\/BOISSONS\/3306380117978_PHOTOSITE_20200213_171255_0.jpg?placeholder=1","1500x1500":"\/media\/1500x1500\/Photosite\/PGC\/BOISSONS\/3306380117978_PHOTOSITE_20200213_171255_0.jpg?placeholder=1","540x540":"\/media\/540x540\/Photosite\/PGC\/BOISSONS\/3306380117978_PHOTOSITE_20200213_171255_0.jpg?placeholder=1","380x380":"\/media\/380x380\/Photosite\/PGC\/BOISSONS\/3306380117978_PHOTOSITE_20200213_171255_0.jpg?placeholder=1","340x340":"\/media\/340x340\/Photosite\/PGC\/BOISSONS\/3306380117978_PHOTOSITE_20200213_171255_0.jpg?placeholder=1","340x240":"\/media\/340x240\/Photosite\/PGC\/BOISSONS\/3306380117978_PHOTOSITE_20200213_171255_0.jpg?placeholder=1","280x280":"\/media\/280x280\/Photosite\/PGC\/BOISSONS\/3306380117978_PHOTOSITE_20200213_171255_0.jpg?placeholder=1","195x195":"\/media\/195x195\/Photosite\/PGC\/BOISSONS\/3306380117978_PHOTOSITE_20200213_171255_0.jpg?placeholder=1","150x150":"\/media\/150x150\/Photosite\/PGC\/BOISSONS\/3306380117978_PHOTOSITE_20200213_171255_0.jpg?placeholder=1","43x43":"\/media\/43x43\/Photosite\/PGC\/BOISSONS\/3306380117978_PHOTOSITE_20200213_171255_0.jpg?placeholder=1"}],"promotion":null,"isDonation":false,"highlightLabel":null,"seller":null,"sellerId":null,"marketplace":null,"freshness":null,"traceability":null,"flags":[],"clubs":[],"packaging":"la bouteille de 75cL","origin":"","format":"75cL"},"relationships":{"substitution":null},"meta":{"recommendation":null,"cta":"buy","features":{"shoppingList":true,"deletable":false,"swap":false,"feedback":false,"freshness":true}},"links":{"self":"\/p\/vin-rouge-bordeaux-puisseguin-saint-emilion-merlot-cabernet-franc-cabernet-sauvignon-p-de-puisseguin-3306380117978?t=27074"}},{"type":"product","id":"product-3245415707305","attributes":{"ean":"3245415707305","cdbase":"6166861","title":"Vin ros\u00e9 de Pays Ros\u00e9 des Coteaux d'Enserune Syrah et Grenache L'HERITAGE DE CARILLAN","brand":"HDC","slug":"vin-rose-de-pays-rose-des-coteaux-d-enserune-syrah-et-grenache-l-heritage-de-carillan","availability":{"indispensable":false,"purchasable":true,"stopped":false,"suspended":false,"suspensionReason":null,"checkable":false,"currentStoreOffer":null},"price":{"price":7.9500000000000002,"unitOfMeasure":"Litre","perUnitLabel":"2.65 \u20ac \/ Litre","taxMessage":"","perUnit":2.6499999999999999},"ordering":{"min":1,"step":1,"max":36},"offerServiceId":"0261-150-6","uri":"boissons\/cave-a-vins\/fontaines-vins","categories":[{"id":"27070","code":"R10","slug":"boissons","label":"Boissons","uri":"boissons","type":"RAYON","level":1,"sellerId":null},{"id":"27074","code":"R10F02","slug":"cave-a-vins","label":"Cave \u00e0 vins","uri":"boissons\/cave-a-vins","type":"RAYON","level":2,"sellerId":null},{"id":"27140","code":"R10F02SF05","slug":"fontaines-vins","label":"Fontaines \u00e0 vins","uri":"boissons\/cave-a-vins\/fontaines-vins","type":"RAYON","level":3,"sellerId":null}],"topCategoryName":"Boissons","images":[{"largest":"\/media\/1500x1500\/Photosite\/PGC\/BOISSONS\/3245415707305_PHOTOSITE_20180904_162656_0.jpg?placeholder=1","1500x1500":"\/media\/1500x1500\/Photosite\/PGC\/BOISSONS\/3245415707305_PHOTOSITE_20180904_162656_0.jpg?placeholder=1","540x540":"\/media\/540x540\/Photosite\/PGC\/BOISSONS\/3245415707305_PHOTOSITE_20180904_162656_0.jpg?placeholder=1","380x380":"\/media\/380x380\/Photosite\/PGC\/BOISSONS\/3245415707305_PHOTOSITE_20180904_162656_0.jpg?placeholder=1","340x340":"\/media\/340x340\/Photosite\/PGC\/BOISSONS\/3245415707305_PHOTOSITE_20180904_162656_0.jpg?placeholder=1","340x240":"\/media\/340x240\/Photosite\/PGC\/BOISSONS\/3245415707305_PHOTOSITE_20180904_162656_0.jpg?placeholder=1","280x280":"\/media\/280x280\/Photosite\/PGC\/BOISSONS\/3245415707305_PHOTOSITE_20180904_162656_0.jpg?placeholder=1","195x195":"\/media\/195x195\/Photosite\/PGC\/BOISSONS\/3245415707305_PHOTOSITE_20180904_162656_0.jpg?placeholder=1","150x150":"\/media\/150x150\/Photosite\/PGC\/BOISSONS\/3245415707305_PHOTOSITE_20180904_162656_0.jpg?placeholder=1","43x43":"\/media\/43x43\/Photosite\/PGC\/BOISSONS\/3245415707305_PHOTOSITE_20180904_162656_0.jpg?placeholder=1"}],"promotion":null,"isDonation":false,"highlightLabel":null,"seller":null,"sellerId":null,"marketplace":null,"freshness":null,"traceability":null,"flags":["flag.common.igp"],"clubs":[],"packaging":"la fontaine de 3L","origin":"","format":"3L"},"relationships":{"substitution":null},"meta":{"recommendation":null,"cta":"buy","features":{"shoppingList":true,"deletable":false,"swap":false,"feedback":false,"freshness":true}},"links":{"self":"\/p\/vin-rose-de-pays-rose-des-coteaux-d-enserune-syrah-et-grenache-l-heritage-de-carillan-3245415707305?t=27074"}},{"type":"product","id":"product-3660989068001","attributes":{"ean":"3660989068001","cdbase":"3217479","title":"Vin blanc vin de table Fin Bouquet ","brand":"FIN BOUQU","slug":"vin-blanc-vin-de-table-fin-bouquet","availability":{"indispensable":false,"purchasable":true,"stopped":false,"suspended":false,"suspensionReason":null,"checkable":false,"currentStoreOffer":null},"price":{"price":1.45,"unitOfMeasure":"Litre","perUnitLabel":"1.93 \u20ac \/ Litre","taxMessage":"","perUnit":1.9299999999999999},"ordering":{"min":1,"step":1,"max":36},"offerServiceId":"0261-150-6","uri":"boissons\/cave-a-vins\/vins-blancs\/vins-de-pays-vins-de-table-blanc","categories":[{"id":"27070","code":"R10","slug":"boissons","label":"Boissons","uri":"boissons","type":"RAYON","level":1,"sellerId":null},{"id":"27074","code":"R10F02","slug":"cave-a-vins","label":"Cave \u00e0 vins","uri":"boissons\/cave-a-vins","type":"RAYON","level":2,"sellerId":null},{"id":"27106","code":"R10F02SF02","slug":"vins-blancs","label":"Vins blancs","uri":"boissons\/cave-a-vins\/vins-blancs","type":"RAYON","level":3,"sellerId":null},{"id":"27160","code":"R10F02SF02SS10","slug":"vins-de-pays-vins-de-table-blanc","label":"Vins de pays et Vins de table blanc","uri":"boissons\/cave-a-vins\/vins-blancs\/vins-de-pays-vins-de-table-blanc","type":"RAYON","level":4,"sellerId":null}],"topCategoryName":"Boissons","images":[{"largest":"\/media\/1500x1500\/Photosite\/PGC\/BOISSONS\/3660989068001_PHOTOSITE_20140327_175857_0.jpg?placeholder=1","1500x1500":"\/media\/1500x1500\/Photosite\/PGC\/BOISSONS\/3660989068001_PHOTOSITE_20140327_175857_0.jpg?placeholder=1","540x540":"\/media\/540x540\/Photosite\/PGC\/BOISSONS\/3660989068001_PHOTOSITE_20140327_175857_0.jpg?placeholder=1","380x380":"\/media\/380x380\/Photosite\/PGC\/BOISSONS\/3660989068001_PHOTOSITE_20140327_175857_0.jpg?placeholder=1","340x340":"\/media\/340x340\/Photosite\/PGC\/BOISSONS\/3660989068001_PHOTOSITE_20140327_175857_0.jpg?placeholder=1","340x240":"\/media\/340x240\/Photosite\/PGC\/BOISSONS\/3660989068001_PHOTOSITE_20140327_175857_0.jpg?placeholder=1","280x280":"\/media\/280x280\/Photosite\/PGC\/BOISSONS\/3660989068001_PHOTOSITE_20140327_175857_0.jpg?placeholder=1","195x195":"\/media\/195x195\/Photosite\/PGC\/BOISSONS\/3660989068001_PHOTOSITE_20140327_175857_0.jpg?placeholder=1","150x150":"\/media\/150x150\/Photosite\/PGC\/BOISSONS\/3660989068001_PHOTOSITE_20140327_175857_0.jpg?placeholder=1","43x43":"\/media\/43x43\/Photosite\/PGC\/BOISSONS\/3660989068001_PHOTOSITE_20140327_175857_0.jpg?placeholder=1"}],"promotion":null,"isDonation":false,"highlightLabel":null,"seller":null,"sellerId":null,"marketplace":null,"freshness":null,"traceability":null,"flags":[],"clubs":[],"packaging":"la bouteille de 75cL","origin":"","format":"75cL"},"relationships":{"substitution":null},"meta":{"recommendation":null,"cta":"buy","features":{"shoppingList":true,"deletable":false,"swap":false,"feedback":false,"freshness":true}},"links":{"self":"\/p\/vin-blanc-vin-de-table-fin-bouquet-3660989068001?t=27074"}},{"type":"product","id":"product-3523680231023","attributes":{"ean":"3523680231023","cdbase":"3380425","title":"Vin Ros\u00e9 Provence \/ Corse I.G.P. \u00cele de Beaut\u00e9 RESERVE DE PADULONE","brand":"PADULONE","slug":"vin-rose-provence-corse-i-g-p-ile-de-beaute-reserve-de-padulone","availability":{"indispensable":false,"purchasable":true,"stopped":false,"suspended":false,"suspensionReason":null,"checkable":false,"currentStoreOffer":null},"price":{"price":3.7999999999999998,"unitOfMeasure":"Litre","perUnitLabel":"5.07 \u20ac \/ Litre","taxMessage":"","perUnit":5.0700000000000003},"ordering":{"min":1,"step":1,"max":20},"offerServiceId":"0261-150-6","uri":"boissons\/cave-a-vins\/vins-roses\/vins-de-pays-vins-de-table-rose","categories":[{"id":"27070","code":"R10","slug":"boissons","label":"Boissons","uri":"boissons","type":"RAYON","level":1,"sellerId":null},{"id":"27074","code":"R10F02","slug":"cave-a-vins","label":"Cave \u00e0 vins","uri":"boissons\/cave-a-vins","type":"RAYON","level":2,"sellerId":null},{"id":"27107","code":"R10F02SF03","slug":"vins-roses","label":"Vins ros\u00e9s","uri":"boissons\/cave-a-vins\/vins-roses","type":"RAYON","level":3,"sellerId":null},{"id":"27165","code":"R10F02SF03SS06","slug":"vins-de-pays-vins-de-table-rose","label":"Vins de pays et Vins de table ros\u00e9","uri":"boissons\/cave-a-vins\/vins-roses\/vins-de-pays-vins-de-table-rose","type":"RAYON","level":4,"sellerId":null}],"topCategoryName":"Boissons","images":[{"largest":"\/media\/1500x1500\/Photosite\/PGC\/BOISSONS\/3523680231023_PHOTOSITE_20200710_054807_0.jpg?placeholder=1","1500x1500":"\/media\/1500x1500\/Photosite\/PGC\/BOISSONS\/3523680231023_PHOTOSITE_20200710_054807_0.jpg?placeholder=1","540x540":"\/media\/540x540\/Photosite\/PGC\/BOISSONS\/3523680231023_PHOTOSITE_20200710_054807_0.jpg?placeholder=1","380x380":"\/media\/380x380\/Photosite\/PGC\/BOISSONS\/3523680231023_PHOTOSITE_20200710_054807_0.jpg?placeholder=1","340x340":"\/media\/340x340\/Photosite\/PGC\/BOISSONS\/3523680231023_PHOTOSITE_20200710_054807_0.jpg?placeholder=1","340x240":"\/media\/340x240\/Photosite\/PGC\/BOISSONS\/3523680231023_PHOTOSITE_20200710_054807_0.jpg?placeholder=1","280x280":"\/media\/280x280\/Photosite\/PGC\/BOISSONS\/3523680231023_PHOTOSITE_20200710_054807_0.jpg?placeholder=1","195x195":"\/media\/195x195\/Photosite\/PGC\/BOISSONS\/3523680231023_PHOTOSITE_20200710_054807_0.jpg?placeholder=1","150x150":"\/media\/150x150\/Photosite\/PGC\/BOISSONS\/3523680231023_PHOTOSITE_20200710_054807_0.jpg?placeholder=1","43x43":"\/media\/43x43\/Photosite\/PGC\/BOISSONS\/3523680231023_PHOTOSITE_20200710_054807_0.jpg?placeholder=1"}],"promotion":null,"isDonation":false,"highlightLabel":null,"seller":null,"sellerId":null,"marketplace":null,"freshness":null,"traceability":null,"flags":["flag.common.igp"],"clubs":[],"packaging":"la bouteille de 75cL","origin":"","format":"75cL"},"relationships":{"substitution":null},"meta":{"recommendation":null,"cta":"buy","features":{"shoppingList":true,"deletable":false,"swap":false,"feedback":false,"freshness":true}},"links":{"self":"\/p\/vin-rose-provence-corse-i-g-p-ile-de-beaute-reserve-de-padulone-3523680231023?t=27074"}},{"type":"product","id":"product-3021891004011","attributes":{"ean":"3021891004011","cdbase":"6565604","title":"Vin blanc de France RIBAUDOUR","brand":"REFS.SANS MARQUE","slug":"vin-blanc-de-france-ribaudour","availability":{"indispensable":false,"purchasable":true,"stopped":false,"suspended":false,"suspensionReason":null,"checkable":false,"currentStoreOffer":null},"price":{"price":2.1499999999999999,"unitOfMeasure":"Litre","perUnitLabel":"2.87 \u20ac \/ Litre","taxMessage":"","perUnit":2.8700000000000001},"ordering":{"min":1,"step":1,"max":36},"offerServiceId":"0261-150-6","uri":"boissons\/cave-a-vins\/vins-blancs\/vins-de-pays-vins-de-table-blanc","categories":[{"id":"27070","code":"R10","slug":"boissons","label":"Boissons","uri":"boissons","type":"RAYON","level":1,"sellerId":null},{"id":"27074","code":"R10F02","slug":"cave-a-vins","label":"Cave \u00e0 vins","uri":"boissons\/cave-a-vins","type":"RAYON","level":2,"sellerId":null},{"id":"27106","code":"R10F02SF02","slug":"vins-blancs","label":"Vins blancs","uri":"boissons\/cave-a-vins\/vins-blancs","type":"RAYON","level":3,"sellerId":null},{"id":"27160","code":"R10F02SF02SS10","slug":"vins-de-pays-vins-de-table-blanc","label":"Vins de pays et Vins de table blanc","uri":"boissons\/cave-a-vins\/vins-blancs\/vins-de-pays-vins-de-table-blanc","type":"RAYON","level":4,"sellerId":null}],"topCategoryName":"Boissons","images":[{"largest":"\/media\/1500x1500\/Photosite\/PGC\/BOISSONS\/3021891004011_PHOTOSITE_20180717_162306_0.jpg?placeholder=1","1500x1500":"\/media\/1500x1500\/Photosite\/PGC\/BOISSONS\/3021891004011_PHOTOSITE_20180717_162306_0.jpg?placeholder=1","540x540":"\/media\/540x540\/Photosite\/PGC\/BOISSONS\/3021891004011_PHOTOSITE_20180717_162306_0.jpg?placeholder=1","380x380":"\/media\/380x380\/Photosite\/PGC\/BOISSONS\/3021891004011_PHOTOSITE_20180717_162306_0.jpg?placeholder=1","340x340":"\/media\/340x340\/Photosite\/PGC\/BOISSONS\/3021891004011_PHOTOSITE_20180717_162306_0.jpg?placeholder=1","340x240":"\/media\/340x240\/Photosite\/PGC\/BOISSONS\/3021891004011_PHOTOSITE_20180717_162306_0.jpg?placeholder=1","280x280":"\/media\/280x280\/Photosite\/PGC\/BOISSONS\/3021891004011_PHOTOSITE_20180717_162306_0.jpg?placeholder=1","195x195":"\/media\/195x195\/Photosite\/PGC\/BOISSONS\/3021891004011_PHOTOSITE_20180717_162306_0.jpg?placeholder=1","150x150":"\/media\/150x150\/Photosite\/PGC\/BOISSONS\/3021891004011_PHOTOSITE_20180717_162306_0.jpg?placeholder=1","43x43":"\/media\/43x43\/Photosite\/PGC\/BOISSONS\/3021891004011_PHOTOSITE_20180717_162306_0.jpg?placeholder=1"},{"largest":"\/media\/1500x1500\/Photosite\/PGC\/BOISSONS\/3021891004011_PHOTOSITE_20180717_162306_7.jpg?placeholder=1","1500x1500":"\/media\/1500x1500\/Photosite\/PGC\/BOISSONS\/3021891004011_PHOTOSITE_20180717_162306_7.jpg?placeholder=1","540x540":"\/media\/540x540\/Photosite\/PGC\/BOISSONS\/3021891004011_PHOTOSITE_20180717_162306_7.jpg?placeholder=1","380x380":"\/media\/380x380\/Photosite\/PGC\/BOISSONS\/3021891004011_PHOTOSITE_20180717_162306_7.jpg?placeholder=1","340x340":"\/media\/340x340\/Photosite\/PGC\/BOISSONS\/3021891004011_PHOTOSITE_20180717_162306_7.jpg?placeholder=1","340x240":"\/media\/340x240\/Photosite\/PGC\/BOISSONS\/3021891004011_PHOTOSITE_20180717_162306_7.jpg?placeholder=1","280x280":"\/media\/280x280\/Photosite\/PGC\/BOISSONS\/3021891004011_PHOTOSITE_20180717_162306_7.jpg?placeholder=1","195x195":"\/media\/195x195\/Photosite\/PGC\/BOISSONS\/3021891004011_PHOTOSITE_20180717_162306_7.jpg?placeholder=1","150x150":"\/media\/150x150\/Photosite\/PGC\/BOISSONS\/3021891004011_PHOTOSITE_20180717_162306_7.jpg?placeholder=1","43x43":"\/media\/43x43\/Photosite\/PGC\/BOISSONS\/3021891004011_PHOTOSITE_20180717_162306_7.jpg?placeholder=1"}],"promotion":null,"isDonation":false,"highlightLabel":null,"seller":null,"sellerId":null,"marketplace":null,"freshness":null,"traceability":null,"flags":[],"clubs":[],"packaging":"les 3 briquettes de 25cL","origin":"","format":"3x25cL"},"relationships":{"substitution":null},"meta":{"recommendation":null,"cta":"buy","features":{"shoppingList":true,"deletable":false,"swap":false,"feedback":false,"freshness":true}},"links":{"self":"\/p\/vin-blanc-de-france-ribaudour-3021891004011?t=27074"}},{"type":"product","id":"product-3271923133015","attributes":{"ean":"3271923133015","cdbase":"2365648","title":"Vin rouge Rasteau cru des C\u00f4tes du Rh\u00f4ne  ORTAS ","brand":"REFS.SANS MARQUE","slug":"vin-rouge-rasteau-cru-des-cotes-du-rhone-ortas","availability":{"indispensable":false,"purchasable":true,"stopped":false,"suspended":false,"suspensionReason":null,"checkable":false,"currentStoreOffer":null},"price":{"price":6.5499999999999998,"unitOfMeasure":"Litre","perUnitLabel":"8.73 \u20ac \/ Litre","taxMessage":"","perUnit":8.7300000000000004},"ordering":{"min":1,"step":1,"max":36},"offerServiceId":"0261-150-6","uri":"boissons\/cave-a-vins\/vins-rouges\/vallee-du-rhone","categories":[{"id":"27070","code":"R10","slug":"boissons","label":"Boissons","uri":"boissons","type":"RAYON","level":1,"sellerId":null},{"id":"27074","code":"R10F02","slug":"cave-a-vins","label":"Cave \u00e0 vins","uri":"boissons\/cave-a-vins","type":"RAYON","level":2,"sellerId":null},{"id":"27105","code":"R10F02SF01","slug":"vins-rouges","label":"Vins rouges","uri":"boissons\/cave-a-vins\/vins-rouges","type":"RAYON","level":3,"sellerId":null},{"id":"27142","code":"R10F02SF01SS02","slug":"vallee-du-rhone","label":"Vall\u00e9e du Rh\u00f4ne","uri":"boissons\/cave-a-vins\/vins-rouges\/vallee-du-rhone","type":"RAYON","level":4,"sellerId":null}],"topCategoryName":"Boissons","images":[{"largest":"\/media\/1500x1500\/Photosite\/PGC\/BOISSONS\/3271923133015_PHOTOSITE_20200924_053358_0.jpg?placeholder=1","1500x1500":"\/media\/1500x1500\/Photosite\/PGC\/BOISSONS\/3271923133015_PHOTOSITE_20200924_053358_0.jpg?placeholder=1","540x540":"\/media\/540x540\/Photosite\/PGC\/BOISSONS\/3271923133015_PHOTOSITE_20200924_053358_0.jpg?placeholder=1","380x380":"\/media\/380x380\/Photosite\/PGC\/BOISSONS\/3271923133015_PHOTOSITE_20200924_053358_0.jpg?placeholder=1","340x340":"\/media\/340x340\/Photosite\/PGC\/BOISSONS\/3271923133015_PHOTOSITE_20200924_053358_0.jpg?placeholder=1","340x240":"\/media\/340x240\/Photosite\/PGC\/BOISSONS\/3271923133015_PHOTOSITE_20200924_053358_0.jpg?placeholder=1","280x280":"\/media\/280x280\/Photosite\/PGC\/BOISSONS\/3271923133015_PHOTOSITE_20200924_053358_0.jpg?placeholder=1","195x195":"\/media\/195x195\/Photosite\/PGC\/BOISSONS\/3271923133015_PHOTOSITE_20200924_053358_0.jpg?placeholder=1","150x150":"\/media\/150x150\/Photosite\/PGC\/BOISSONS\/3271923133015_PHOTOSITE_20200924_053358_0.jpg?placeholder=1","43x43":"\/media\/43x43\/Photosite\/PGC\/BOISSONS\/3271923133015_PHOTOSITE_20200924_053358_0.jpg?placeholder=1"}],"promotion":null,"isDonation":false,"highlightLabel":null,"seller":null,"sellerId":null,"marketplace":null,"freshness":null,"traceability":null,"flags":[],"clubs":[],"packaging":"la bouteille de 75cL","origin":"","format":"75cL"},"relationships":{"substitution":null},"meta":{"recommendation":null,"cta":"buy","features":{"shoppingList":true,"deletable":false,"swap":false,"feedback":false,"freshness":true}},"links":{"self":"\/p\/vin-rouge-rasteau-cru-des-cotes-du-rhone-ortas-3271923133015?t=27074"}},{"type":"product","id":"product-3245414948709","attributes":{"ean":"3245414948709","cdbase":"3840061","title":"Vin rouge bio Bordeaux 2016 LA CAVE D'AUGUSTIN FLORENT","brand":"CARREFOUR BIO","slug":"vin-rouge-bio-bordeaux-2016-la-cave-d-augustin-florent","availability":{"indispensable":false,"purchasable":true,"stopped":false,"suspended":false,"suspensionReason":null,"checkable":false,"currentStoreOffer":null},"price":{"price":5.2000000000000002,"unitOfMeasure":"Litre","perUnitLabel":"6.93 \u20ac \/ Litre","taxMessage":"","perUnit":6.9299999999999997},"ordering":{"min":1,"step":1,"max":36},"offerServiceId":"0261-150-6","uri":"boissons\/cave-a-vins\/vins-rouges\/bordeaux","categories":[{"id":"27070","code":"R10","slug":"boissons","label":"Boissons","uri":"boissons","type":"RAYON","level":1,"sellerId":null},{"id":"27074","code":"R10F02","slug":"cave-a-vins","label":"Cave \u00e0 vins","uri":"boissons\/cave-a-vins","type":"RAYON","level":2,"sellerId":null},{"id":"27105","code":"R10F02SF01","slug":"vins-rouges","label":"Vins rouges","uri":"boissons\/cave-a-vins\/vins-rouges","type":"RAYON","level":3,"sellerId":null},{"id":"27141","code":"R10F02SF01SS01","slug":"bordeaux","label":"Bordeaux","uri":"boissons\/cave-a-vins\/vins-rouges\/bordeaux","type":"RAYON","level":4,"sellerId":null}],"topCategoryName":"Boissons","images":[{"largest":"\/media\/1500x1500\/Photosite\/PGC\/BOISSONS\/3245414948709_PHOTOSITE_20161008_083904_0.jpg?placeholder=1","1500x1500":"\/media\/1500x1500\/Photosite\/PGC\/BOISSONS\/3245414948709_PHOTOSITE_20161008_083904_0.jpg?placeholder=1","540x540":"\/media\/540x540\/Photosite\/PGC\/BOISSONS\/3245414948709_PHOTOSITE_20161008_083904_0.jpg?placeholder=1","380x380":"\/media\/380x380\/Photosite\/PGC\/BOISSONS\/3245414948709_PHOTOSITE_20161008_083904_0.jpg?placeholder=1","340x340":"\/media\/340x340\/Photosite\/PGC\/BOISSONS\/3245414948709_PHOTOSITE_20161008_083904_0.jpg?placeholder=1","340x240":"\/media\/340x240\/Photosite\/PGC\/BOISSONS\/3245414948709_PHOTOSITE_20161008_083904_0.jpg?placeholder=1","280x280":"\/media\/280x280\/Photosite\/PGC\/BOISSONS\/3245414948709_PHOTOSITE_20161008_083904_0.jpg?placeholder=1","195x195":"\/media\/195x195\/Photosite\/PGC\/BOISSONS\/3245414948709_PHOTOSITE_20161008_083904_0.jpg?placeholder=1","150x150":"\/media\/150x150\/Photosite\/PGC\/BOISSONS\/3245414948709_PHOTOSITE_20161008_083904_0.jpg?placeholder=1","43x43":"\/media\/43x43\/Photosite\/PGC\/BOISSONS\/3245414948709_PHOTOSITE_20161008_083904_0.jpg?placeholder=1"},{"largest":"\/media\/1500x1500\/Photosite\/PGC\/BOISSONS\/3245414948709_PHOTOSITE_20161008_083904_7.jpg?placeholder=1","1500x1500":"\/media\/1500x1500\/Photosite\/PGC\/BOISSONS\/3245414948709_PHOTOSITE_20161008_083904_7.jpg?placeholder=1","540x540":"\/media\/540x540\/Photosite\/PGC\/BOISSONS\/3245414948709_PHOTOSITE_20161008_083904_7.jpg?placeholder=1","380x380":"\/media\/380x380\/Photosite\/PGC\/BOISSONS\/3245414948709_PHOTOSITE_20161008_083904_7.jpg?placeholder=1","340x340":"\/media\/340x340\/Photosite\/PGC\/BOISSONS\/3245414948709_PHOTOSITE_20161008_083904_7.jpg?placeholder=1","340x240":"\/media\/340x240\/Photosite\/PGC\/BOISSONS\/3245414948709_PHOTOSITE_20161008_083904_7.jpg?placeholder=1","280x280":"\/media\/280x280\/Photosite\/PGC\/BOISSONS\/3245414948709_PHOTOSITE_20161008_083904_7.jpg?placeholder=1","195x195":"\/media\/195x195\/Photosite\/PGC\/BOISSONS\/3245414948709_PHOTOSITE_20161008_083904_7.jpg?placeholder=1","150x150":"\/media\/150x150\/Photosite\/PGC\/BOISSONS\/3245414948709_PHOTOSITE_20161008_083904_7.jpg?placeholder=1","43x43":"\/media\/43x43\/Photosite\/PGC\/BOISSONS\/3245414948709_PHOTOSITE_20161008_083904_7.jpg?placeholder=1"}],"promotion":null,"isDonation":false,"highlightLabel":null,"seller":null,"sellerId":null,"marketplace":null,"freshness":null,"traceability":null,"flags":["flag.common.organic"],"clubs":[],"packaging":"la bouteille de 75cl","origin":"","format":"75cL"},"relationships":{"substitution":null},"meta":{"recommendation":null,"cta":"buy","features":{"shoppingList":true,"deletable":false,"swap":false,"feedback":false,"freshness":true}},"links":{"self":"\/p\/vin-rouge-bio-bordeaux-2016-la-cave-d-augustin-florent-3245414948709?t=27074"}},{"type":"product","id":"product-3244081500807","attributes":{"ean":"3244081500807","cdbase":"1968279","title":"Vin Ros\u00e9 Languedoc Roussillon I.G.P. Sable de Camargue LISTEL","brand":"REFS.SANS MARQUE","slug":"vin-rose-languedoc-roussillon-i-g-p-sable-de-camargue-listel","availability":{"indispensable":false,"purchasable":true,"stopped":false,"suspended":false,"suspensionReason":null,"checkable":false,"currentStoreOffer":null},"price":{"price":12.300000000000001,"unitOfMeasure":"Litre","perUnitLabel":"4.10 \u20ac \/ Litre","taxMessage":"","perUnit":4.0999999999999996},"ordering":{"min":1,"step":1,"max":20},"offerServiceId":"0261-150-6","uri":"boissons\/cave-a-vins\/vins-roses\/vins-de-pays-vins-de-table-rose","categories":[{"id":"27070","code":"R10","slug":"boissons","label":"Boissons","uri":"boissons","type":"RAYON","level":1,"sellerId":null},{"id":"27074","code":"R10F02","slug":"cave-a-vins","label":"Cave \u00e0 vins","uri":"boissons\/cave-a-vins","type":"RAYON","level":2,"sellerId":null},{"id":"27107","code":"R10F02SF03","slug":"vins-roses","label":"Vins ros\u00e9s","uri":"boissons\/cave-a-vins\/vins-roses","type":"RAYON","level":3,"sellerId":null},{"id":"27165","code":"R10F02SF03SS06","slug":"vins-de-pays-vins-de-table-rose","label":"Vins de pays et Vins de table ros\u00e9","uri":"boissons\/cave-a-vins\/vins-roses\/vins-de-pays-vins-de-table-rose","type":"RAYON","level":4,"sellerId":null}],"topCategoryName":"Boissons","images":[{"largest":"\/media\/1500x1500\/Photosite\/PGC\/BOISSONS\/3244081500807_PHOTOSITE_20200730_164029_0.jpg?placeholder=1","1500x1500":"\/media\/1500x1500\/Photosite\/PGC\/BOISSONS\/3244081500807_PHOTOSITE_20200730_164029_0.jpg?placeholder=1","540x540":"\/media\/540x540\/Photosite\/PGC\/BOISSONS\/3244081500807_PHOTOSITE_20200730_164029_0.jpg?placeholder=1","380x380":"\/media\/380x380\/Photosite\/PGC\/BOISSONS\/3244081500807_PHOTOSITE_20200730_164029_0.jpg?placeholder=1","340x340":"\/media\/340x340\/Photosite\/PGC\/BOISSONS\/3244081500807_PHOTOSITE_20200730_164029_0.jpg?placeholder=1","340x240":"\/media\/340x240\/Photosite\/PGC\/BOISSONS\/3244081500807_PHOTOSITE_20200730_164029_0.jpg?placeholder=1","280x280":"\/media\/280x280\/Photosite\/PGC\/BOISSONS\/3244081500807_PHOTOSITE_20200730_164029_0.jpg?placeholder=1","195x195":"\/media\/195x195\/Photosite\/PGC\/BOISSONS\/3244081500807_PHOTOSITE_20200730_164029_0.jpg?placeholder=1","150x150":"\/media\/150x150\/Photosite\/PGC\/BOISSONS\/3244081500807_PHOTOSITE_20200730_164029_0.jpg?placeholder=1","43x43":"\/media\/43x43\/Photosite\/PGC\/BOISSONS\/3244081500807_PHOTOSITE_20200730_164029_0.jpg?placeholder=1"}],"promotion":null,"isDonation":false,"highlightLabel":null,"seller":null,"sellerId":null,"marketplace":null,"freshness":null,"traceability":null,"flags":["flag.common.igp"],"clubs":[],"packaging":"la fontaine de 3L","origin":"","format":"3L"},"relationships":{"substitution":null},"meta":{"recommendation":null,"cta":"buy","features":{"shoppingList":true,"deletable":false,"swap":false,"feedback":false,"freshness":true}},"links":{"self":"\/p\/vin-rose-languedoc-roussillon-i-g-p-sable-de-camargue-listel-3244081500807?t=27074"}},{"type":"product","id":"product-3262151637758","attributes":{"ean":"3262151637758","cdbase":"5692186","title":"Vin rouge Bordeaux MOUTON CADET","brand":"REFS.SANS MARQUE","slug":"vin-rouge-bordeaux-mouton-cadet","availability":{"indispensable":false,"purchasable":true,"stopped":false,"suspended":false,"suspensionReason":null,"checkable":false,"currentStoreOffer":null},"price":{"price":9.4000000000000004,"unitOfMeasure":"Litre","perUnitLabel":"12.53 \u20ac \/ Litre","taxMessage":"","perUnit":12.529999999999999},"ordering":{"min":1,"step":1,"max":36},"offerServiceId":"0261-150-6","uri":"boissons\/cave-a-vins\/vins-rouges\/bordeaux","categories":[{"id":"27070","code":"R10","slug":"boissons","label":"Boissons","uri":"boissons","type":"RAYON","level":1,"sellerId":null},{"id":"27074","code":"R10F02","slug":"cave-a-vins","label":"Cave \u00e0 vins","uri":"boissons\/cave-a-vins","type":"RAYON","level":2,"sellerId":null},{"id":"27105","code":"R10F02SF01","slug":"vins-rouges","label":"Vins rouges","uri":"boissons\/cave-a-vins\/vins-rouges","type":"RAYON","level":3,"sellerId":null},{"id":"27141","code":"R10F02SF01SS01","slug":"bordeaux","label":"Bordeaux","uri":"boissons\/cave-a-vins\/vins-rouges\/bordeaux","type":"RAYON","level":4,"sellerId":null}],"topCategoryName":"Boissons","images":[{"largest":"\/media\/1500x1500\/Photosite\/PGC\/BOISSONS\/3262151637758_PHOTOSITE_20200620_080052_0.jpg?placeholder=1","1500x1500":"\/media\/1500x1500\/Photosite\/PGC\/BOISSONS\/3262151637758_PHOTOSITE_20200620_080052_0.jpg?placeholder=1","540x540":"\/media\/540x540\/Photosite\/PGC\/BOISSONS\/3262151637758_PHOTOSITE_20200620_080052_0.jpg?placeholder=1","380x380":"\/media\/380x380\/Photosite\/PGC\/BOISSONS\/3262151637758_PHOTOSITE_20200620_080052_0.jpg?placeholder=1","340x340":"\/media\/340x340\/Photosite\/PGC\/BOISSONS\/3262151637758_PHOTOSITE_20200620_080052_0.jpg?placeholder=1","340x240":"\/media\/340x240\/Photosite\/PGC\/BOISSONS\/3262151637758_PHOTOSITE_20200620_080052_0.jpg?placeholder=1","280x280":"\/media\/280x280\/Photosite\/PGC\/BOISSONS\/3262151637758_PHOTOSITE_20200620_080052_0.jpg?placeholder=1","195x195":"\/media\/195x195\/Photosite\/PGC\/BOISSONS\/3262151637758_PHOTOSITE_20200620_080052_0.jpg?placeholder=1","150x150":"\/media\/150x150\/Photosite\/PGC\/BOISSONS\/3262151637758_PHOTOSITE_20200620_080052_0.jpg?placeholder=1","43x43":"\/media\/43x43\/Photosite\/PGC\/BOISSONS\/3262151637758_PHOTOSITE_20200620_080052_0.jpg?placeholder=1"}],"promotion":null,"isDonation":false,"highlightLabel":null,"seller":null,"sellerId":null,"marketplace":null,"freshness":null,"traceability":null,"flags":["flag.common.aop"],"clubs":[],"packaging":"la bouteille de 75cL","origin":"","format":"75cL"},"relationships":{"substitution":null},"meta":{"recommendation":null,"cta":"buy","features":{"shoppingList":true,"deletable":false,"swap":false,"feedback":false,"freshness":true}},"links":{"self":"\/p\/vin-rouge-bordeaux-mouton-cadet-3262151637758?t=27074"}},{"type":"product","id":"product-8001929214419","attributes":{"ean":"8001929214419","cdbase":"4915279","title":"Vin p\u00e9tillant ros\u00e9 Lambrusco DOC Italie ROSE SEMI SECCO","brand":"REFS.SANS MARQUE","slug":"vin-petillant-rose-lambrusco-doc-italie-rose-semi-secco","availability":{"indispensable":false,"purchasable":true,"stopped":false,"suspended":false,"suspensionReason":null,"checkable":false,"currentStoreOffer":null},"price":{"price":2.9900000000000002,"unitOfMeasure":"Litre","perUnitLabel":"3.99 \u20ac \/ Litre","taxMessage":"","perUnit":3.9900000000000002},"ordering":{"min":1,"step":1,"max":36},"offerServiceId":"0261-150-6","uri":"boissons\/cave-a-vins\/vins-etrangers","categories":[{"id":"27070","code":"R10","slug":"boissons","label":"Boissons","uri":"boissons","type":"RAYON","level":1,"sellerId":null},{"id":"27074","code":"R10F02","slug":"cave-a-vins","label":"Cave \u00e0 vins","uri":"boissons\/cave-a-vins","type":"RAYON","level":2,"sellerId":null},{"id":"27139","code":"R10F02SF04","slug":"vins-etrangers","label":"Vins \u00e9trangers","uri":"boissons\/cave-a-vins\/vins-etrangers","type":"RAYON","level":3,"sellerId":null}],"topCategoryName":"Boissons","images":[{"largest":"\/media\/1500x1500\/Photosite\/PGC\/BOISSONS\/8001929214419_PHOTOSITE_20200228_081619_0.jpg?placeholder=1","1500x1500":"\/media\/1500x1500\/Photosite\/PGC\/BOISSONS\/8001929214419_PHOTOSITE_20200228_081619_0.jpg?placeholder=1","540x540":"\/media\/540x540\/Photosite\/PGC\/BOISSONS\/8001929214419_PHOTOSITE_20200228_081619_0.jpg?placeholder=1","380x380":"\/media\/380x380\/Photosite\/PGC\/BOISSONS\/8001929214419_PHOTOSITE_20200228_081619_0.jpg?placeholder=1","340x340":"\/media\/340x340\/Photosite\/PGC\/BOISSONS\/8001929214419_PHOTOSITE_20200228_081619_0.jpg?placeholder=1","340x240":"\/media\/340x240\/Photosite\/PGC\/BOISSONS\/8001929214419_PHOTOSITE_20200228_081619_0.jpg?placeholder=1","280x280":"\/media\/280x280\/Photosite\/PGC\/BOISSONS\/8001929214419_PHOTOSITE_20200228_081619_0.jpg?placeholder=1","195x195":"\/media\/195x195\/Photosite\/PGC\/BOISSONS\/8001929214419_PHOTOSITE_20200228_081619_0.jpg?placeholder=1","150x150":"\/media\/150x150\/Photosite\/PGC\/BOISSONS\/8001929214419_PHOTOSITE_20200228_081619_0.jpg?placeholder=1","43x43":"\/media\/43x43\/Photosite\/PGC\/BOISSONS\/8001929214419_PHOTOSITE_20200228_081619_0.jpg?placeholder=1"}],"promotion":null,"isDonation":false,"highlightLabel":null,"seller":null,"sellerId":null,"marketplace":null,"freshness":null,"traceability":null,"flags":[],"clubs":[],"packaging":"La bouteille de 75cL","origin":"","format":"75cL"},"relationships":{"substitution":null},"meta":{"recommendation":null,"cta":"buy","features":{"shoppingList":true,"deletable":false,"swap":false,"feedback":false,"freshness":true}},"links":{"self":"\/p\/vin-petillant-rose-lambrusco-doc-italie-rose-semi-secco-8001929214419?t=27074"}},{"type":"product","id":"product-3245414686335","attributes":{"ean":"3245414686335","cdbase":"3720321","title":"Vin blanc Bourgogne Chardonnay  CAVE AUGUSTIN FLORENT ","brand":"CAVE AUGUSTIN FLOREN","slug":"vin-blanc-bourgogne-chardonnay-cave-augustin-florent","availability":{"indispensable":false,"purchasable":true,"stopped":false,"suspended":false,"suspensionReason":null,"checkable":false,"currentStoreOffer":null},"price":{"price":5.8499999999999996,"unitOfMeasure":"Litre","perUnitLabel":"7.80 \u20ac \/ Litre","taxMessage":"","perUnit":7.7999999999999998},"ordering":{"min":1,"step":1,"max":36},"offerServiceId":"0261-150-6","uri":"boissons\/cave-a-vins\/vins-blancs\/bourgogne","categories":[{"id":"27070","code":"R10","slug":"boissons","label":"Boissons","uri":"boissons","type":"RAYON","level":1,"sellerId":null},{"id":"27074","code":"R10F02","slug":"cave-a-vins","label":"Cave \u00e0 vins","uri":"boissons\/cave-a-vins","type":"RAYON","level":2,"sellerId":null},{"id":"27106","code":"R10F02SF02","slug":"vins-blancs","label":"Vins blancs","uri":"boissons\/cave-a-vins\/vins-blancs","type":"RAYON","level":3,"sellerId":null},{"id":"27151","code":"R10F02SF02SS01","slug":"bourgogne","label":"Bourgogne","uri":"boissons\/cave-a-vins\/vins-blancs\/bourgogne","type":"RAYON","level":4,"sellerId":null}],"topCategoryName":"Boissons","images":[{"largest":"\/media\/1500x1500\/Photosite\/PGC\/BOISSONS\/3245414686335_PHOTOSITE_20171114_135038_0.jpg?placeholder=1","1500x1500":"\/media\/1500x1500\/Photosite\/PGC\/BOISSONS\/3245414686335_PHOTOSITE_20171114_135038_0.jpg?placeholder=1","540x540":"\/media\/540x540\/Photosite\/PGC\/BOISSONS\/3245414686335_PHOTOSITE_20171114_135038_0.jpg?placeholder=1","380x380":"\/media\/380x380\/Photosite\/PGC\/BOISSONS\/3245414686335_PHOTOSITE_20171114_135038_0.jpg?placeholder=1","340x340":"\/media\/340x340\/Photosite\/PGC\/BOISSONS\/3245414686335_PHOTOSITE_20171114_135038_0.jpg?placeholder=1","340x240":"\/media\/340x240\/Photosite\/PGC\/BOISSONS\/3245414686335_PHOTOSITE_20171114_135038_0.jpg?placeholder=1","280x280":"\/media\/280x280\/Photosite\/PGC\/BOISSONS\/3245414686335_PHOTOSITE_20171114_135038_0.jpg?placeholder=1","195x195":"\/media\/195x195\/Photosite\/PGC\/BOISSONS\/3245414686335_PHOTOSITE_20171114_135038_0.jpg?placeholder=1","150x150":"\/media\/150x150\/Photosite\/PGC\/BOISSONS\/3245414686335_PHOTOSITE_20171114_135038_0.jpg?placeholder=1","43x43":"\/media\/43x43\/Photosite\/PGC\/BOISSONS\/3245414686335_PHOTOSITE_20171114_135038_0.jpg?placeholder=1"},{"largest":"\/media\/1500x1500\/Photosite\/PGC\/BOISSONS\/3245414686335_PHOTOSITE_20140327_183353_7.jpg?placeholder=1","1500x1500":"\/media\/1500x1500\/Photosite\/PGC\/BOISSONS\/3245414686335_PHOTOSITE_20140327_183353_7.jpg?placeholder=1","540x540":"\/media\/540x540\/Photosite\/PGC\/BOISSONS\/3245414686335_PHOTOSITE_20140327_183353_7.jpg?placeholder=1","380x380":"\/media\/380x380\/Photosite\/PGC\/BOISSONS\/3245414686335_PHOTOSITE_20140327_183353_7.jpg?placeholder=1","340x340":"\/media\/340x340\/Photosite\/PGC\/BOISSONS\/3245414686335_PHOTOSITE_20140327_183353_7.jpg?placeholder=1","340x240":"\/media\/340x240\/Photosite\/PGC\/BOISSONS\/3245414686335_PHOTOSITE_20140327_183353_7.jpg?placeholder=1","280x280":"\/media\/280x280\/Photosite\/PGC\/BOISSONS\/3245414686335_PHOTOSITE_20140327_183353_7.jpg?placeholder=1","195x195":"\/media\/195x195\/Photosite\/PGC\/BOISSONS\/3245414686335_PHOTOSITE_20140327_183353_7.jpg?placeholder=1","150x150":"\/media\/150x150\/Photosite\/PGC\/BOISSONS\/3245414686335_PHOTOSITE_20140327_183353_7.jpg?placeholder=1","43x43":"\/media\/43x43\/Photosite\/PGC\/BOISSONS\/3245414686335_PHOTOSITE_20140327_183353_7.jpg?placeholder=1"}],"promotion":null,"isDonation":false,"highlightLabel":null,"seller":null,"sellerId":null,"marketplace":null,"freshness":null,"traceability":null,"flags":[],"clubs":[],"packaging":"la bouteille de 75cL","origin":"","format":"75cL"},"relationships":{"substitution":null},"meta":{"recommendation":null,"cta":"buy","features":{"shoppingList":true,"deletable":false,"swap":false,"feedback":false,"freshness":true}},"links":{"self":"\/p\/vin-blanc-bourgogne-chardonnay-cave-augustin-florent-3245414686335?t=27074"}},{"type":"product","id":"product-3179077062802","attributes":{"ean":"3179077062802","cdbase":"2082217","title":"Vin Rouge Vall\u00e9e du Rh\u00f4ne C\u00f4tes du Rh\u00f4ne Grenache - Syrah - Mourv\u00e8dre CELLIER DES DAUPHINS \"PRESTIGE\"","brand":"REFS.SANS MARQUE","slug":"vin-rouge-vallee-du-rhone-cotes-du-rhone-grenache-syrah-mourvedre-cellier-des-dauphins-prestige","availability":{"indispensable":false,"purchasable":true,"stopped":false,"suspended":false,"suspensionReason":null,"checkable":false,"currentStoreOffer":null},"price":{"price":10.800000000000001,"unitOfMeasure":"Litre","perUnitLabel":"3.60 \u20ac \/ Litre","taxMessage":"","perUnit":3.6000000000000001},"ordering":{"min":1,"step":1,"max":36},"offerServiceId":"0261-150-6","uri":"boissons\/cave-a-vins\/fontaines-vins","categories":[{"id":"27070","code":"R10","slug":"boissons","label":"Boissons","uri":"boissons","type":"RAYON","level":1,"sellerId":null},{"id":"27074","code":"R10F02","slug":"cave-a-vins","label":"Cave \u00e0 vins","uri":"boissons\/cave-a-vins","type":"RAYON","level":2,"sellerId":null},{"id":"27140","code":"R10F02SF05","slug":"fontaines-vins","label":"Fontaines \u00e0 vins","uri":"boissons\/cave-a-vins\/fontaines-vins","type":"RAYON","level":3,"sellerId":null}],"topCategoryName":"Boissons","images":[{"largest":"\/media\/1500x1500\/Photosite\/PGC\/BOISSONS\/3179077062802_PHOTOSITE_20200924_163805_0.jpg?placeholder=1","1500x1500":"\/media\/1500x1500\/Photosite\/PGC\/BOISSONS\/3179077062802_PHOTOSITE_20200924_163805_0.jpg?placeholder=1","540x540":"\/media\/540x540\/Photosite\/PGC\/BOISSONS\/3179077062802_PHOTOSITE_20200924_163805_0.jpg?placeholder=1","380x380":"\/media\/380x380\/Photosite\/PGC\/BOISSONS\/3179077062802_PHOTOSITE_20200924_163805_0.jpg?placeholder=1","340x340":"\/media\/340x340\/Photosite\/PGC\/BOISSONS\/3179077062802_PHOTOSITE_20200924_163805_0.jpg?placeholder=1","340x240":"\/media\/340x240\/Photosite\/PGC\/BOISSONS\/3179077062802_PHOTOSITE_20200924_163805_0.jpg?placeholder=1","280x280":"\/media\/280x280\/Photosite\/PGC\/BOISSONS\/3179077062802_PHOTOSITE_20200924_163805_0.jpg?placeholder=1","195x195":"\/media\/195x195\/Photosite\/PGC\/BOISSONS\/3179077062802_PHOTOSITE_20200924_163805_0.jpg?placeholder=1","150x150":"\/media\/150x150\/Photosite\/PGC\/BOISSONS\/3179077062802_PHOTOSITE_20200924_163805_0.jpg?placeholder=1","43x43":"\/media\/43x43\/Photosite\/PGC\/BOISSONS\/3179077062802_PHOTOSITE_20200924_163805_0.jpg?placeholder=1"}],"promotion":null,"isDonation":false,"highlightLabel":null,"seller":null,"sellerId":null,"marketplace":null,"freshness":null,"traceability":null,"flags":[],"clubs":[],"packaging":"la fontaine de 3L","origin":"","format":"3L"},"relationships":{"substitution":null},"meta":{"recommendation":null,"cta":"buy","features":{"shoppingList":true,"deletable":false,"swap":false,"feedback":false,"freshness":true}},"links":{"self":"\/p\/vin-rouge-vallee-du-rhone-cotes-du-rhone-grenache-syrah-mourvedre-cellier-des-dauphins-prestige-3179077062802?t=27074"}},{"type":"product","id":"product-3245415713412","attributes":{"ean":"3245415713412","cdbase":"6190438","title":"Vin rouge Bordeaux Merlot - Caberent Sauvignon BIO CHATEAU LARGE MALLARTIC LA CAVE D'AUGUSTIN FLORENT","brand":"CARREFOUR BIO","slug":"vin-rouge-bordeaux-merlot-caberent-sauvignon-bio-chateau-large-mallartic-la-cave-d-augustin-florent","availability":{"indispensable":false,"purchasable":true,"stopped":false,"suspended":false,"suspensionReason":null,"checkable":false,"currentStoreOffer":null},"price":{"price":14.25,"unitOfMeasure":"Litre","perUnitLabel":"4.75 \u20ac \/ Litre","taxMessage":"","perUnit":4.75},"ordering":{"min":1,"step":1,"max":36},"offerServiceId":"0261-150-6","uri":"boissons\/cave-a-vins\/fontaines-vins","categories":[{"id":"1838","code":"R02","slug":"bio-et-ecologie","label":"Bio et Ecologie","uri":"bio-et-ecologie","type":"RAYON","level":1,"sellerId":null},{"id":"1865","code":"R02F07","slug":"boissons","label":"Boissons","uri":"bio-et-ecologie\/boissons","type":"RAYON","level":2,"sellerId":null},{"id":"1869","code":"R02F07SF01","slug":"vins-cidres-et-bieres","label":"Vins, Cidres et Bi\u00e8res","uri":"bio-et-ecologie\/boissons\/vins-cidres-et-bieres","type":"RAYON","level":3,"sellerId":null}],"topCategoryName":"Bio et Ecologie","images":[{"largest":"\/media\/1500x1500\/Photosite\/PGC\/BOISSONS\/3245415713412_PHOTOSITE_20190215_045107_0.jpg?placeholder=1","1500x1500":"\/media\/1500x1500\/Photosite\/PGC\/BOISSONS\/3245415713412_PHOTOSITE_20190215_045107_0.jpg?placeholder=1","540x540":"\/media\/540x540\/Photosite\/PGC\/BOISSONS\/3245415713412_PHOTOSITE_20190215_045107_0.jpg?placeholder=1","380x380":"\/media\/380x380\/Photosite\/PGC\/BOISSONS\/3245415713412_PHOTOSITE_20190215_045107_0.jpg?placeholder=1","340x340":"\/media\/340x340\/Photosite\/PGC\/BOISSONS\/3245415713412_PHOTOSITE_20190215_045107_0.jpg?placeholder=1","340x240":"\/media\/340x240\/Photosite\/PGC\/BOISSONS\/3245415713412_PHOTOSITE_20190215_045107_0.jpg?placeholder=1","280x280":"\/media\/280x280\/Photosite\/PGC\/BOISSONS\/3245415713412_PHOTOSITE_20190215_045107_0.jpg?placeholder=1","195x195":"\/media\/195x195\/Photosite\/PGC\/BOISSONS\/3245415713412_PHOTOSITE_20190215_045107_0.jpg?placeholder=1","150x150":"\/media\/150x150\/Photosite\/PGC\/BOISSONS\/3245415713412_PHOTOSITE_20190215_045107_0.jpg?placeholder=1","43x43":"\/media\/43x43\/Photosite\/PGC\/BOISSONS\/3245415713412_PHOTOSITE_20190215_045107_0.jpg?placeholder=1"}],"promotion":null,"isDonation":false,"highlightLabel":null,"seller":null,"sellerId":null,"marketplace":null,"freshness":null,"traceability":null,"flags":["flag.common.organic"],"clubs":[],"packaging":"la fontaine de 3L","origin":"","format":"3L"},"relationships":{"substitution":null},"meta":{"recommendation":null,"cta":"buy","features":{"shoppingList":true,"deletable":false,"swap":false,"feedback":false,"freshness":true}},"links":{"self":"\/p\/vin-rouge-bordeaux-merlot-caberent-sauvignon-bio-chateau-large-mallartic-la-cave-d-augustin-florent-3245415713412?t=27074"}},{"type":"product","id":"product-7804320303178","attributes":{"ean":"7804320303178","cdbase":"1226204","title":"Vin Rouge Vins \u00e9trangers Chili Cabernet Sauvignon CONCHA Y TORO CASILLERO DEL DIABLO CABERNET SAUVIGNON","brand":"REFS.SANS MARQUE","slug":"vin-rouge-vins-etrangers-chili-cabernet-sauvignon-concha-y-toro-casillero-del-diablo-cabernet-sauvig","availability":{"indispensable":false,"purchasable":true,"stopped":false,"suspended":false,"suspensionReason":null,"checkable":false,"currentStoreOffer":null},"price":{"price":7.6500000000000004,"unitOfMeasure":"Litre","perUnitLabel":"10.20 \u20ac \/ Litre","taxMessage":"","perUnit":10.199999999999999},"ordering":{"min":1,"step":1,"max":36},"offerServiceId":"0261-150-6","uri":"boissons\/cave-a-vins\/vins-etrangers","categories":[{"id":"27070","code":"R10","slug":"boissons","label":"Boissons","uri":"boissons","type":"RAYON","level":1,"sellerId":null},{"id":"27074","code":"R10F02","slug":"cave-a-vins","label":"Cave \u00e0 vins","uri":"boissons\/cave-a-vins","type":"RAYON","level":2,"sellerId":null},{"id":"27139","code":"R10F02SF04","slug":"vins-etrangers","label":"Vins \u00e9trangers","uri":"boissons\/cave-a-vins\/vins-etrangers","type":"RAYON","level":3,"sellerId":null}],"topCategoryName":"Boissons","images":[{"largest":"\/media\/1500x1500\/Photosite\/PGC\/BOISSONS\/7804320303178_PHOTOSITE_20200804_075622_0.jpg?placeholder=1","1500x1500":"\/media\/1500x1500\/Photosite\/PGC\/BOISSONS\/7804320303178_PHOTOSITE_20200804_075622_0.jpg?placeholder=1","540x540":"\/media\/540x540\/Photosite\/PGC\/BOISSONS\/7804320303178_PHOTOSITE_20200804_075622_0.jpg?placeholder=1","380x380":"\/media\/380x380\/Photosite\/PGC\/BOISSONS\/7804320303178_PHOTOSITE_20200804_075622_0.jpg?placeholder=1","340x340":"\/media\/340x340\/Photosite\/PGC\/BOISSONS\/7804320303178_PHOTOSITE_20200804_075622_0.jpg?placeholder=1","340x240":"\/media\/340x240\/Photosite\/PGC\/BOISSONS\/7804320303178_PHOTOSITE_20200804_075622_0.jpg?placeholder=1","280x280":"\/media\/280x280\/Photosite\/PGC\/BOISSONS\/7804320303178_PHOTOSITE_20200804_075622_0.jpg?placeholder=1","195x195":"\/media\/195x195\/Photosite\/PGC\/BOISSONS\/7804320303178_PHOTOSITE_20200804_075622_0.jpg?placeholder=1","150x150":"\/media\/150x150\/Photosite\/PGC\/BOISSONS\/7804320303178_PHOTOSITE_20200804_075622_0.jpg?placeholder=1","43x43":"\/media\/43x43\/Photosite\/PGC\/BOISSONS\/7804320303178_PHOTOSITE_20200804_075622_0.jpg?placeholder=1"}],"promotion":null,"isDonation":false,"highlightLabel":null,"seller":null,"sellerId":null,"marketplace":null,"freshness":null,"traceability":null,"flags":["flag.common.glutenfree"],"clubs":[],"packaging":"la bouteille de 75cL","origin":"","format":"75cL"},"relationships":{"substitution":null},"meta":{"recommendation":null,"cta":"buy","features":{"shoppingList":true,"deletable":false,"swap":false,"feedback":false,"freshness":true}},"links":{"self":"\/p\/vin-rouge-vins-etrangers-chili-cabernet-sauvignon-concha-y-toro-casillero-del-diablo-cabernet-sauvig-7804320303178?t=27074"}},{"type":"product","id":"product-3245415039680","attributes":{"ean":"3245415039680","cdbase":"4013111","title":"Vin Ros\u00e9 Provence \/ Corse I.G.P. \u00cele de Beaut\u00e9 RESERVE DE PADULONE","brand":"PADULONE","slug":"vin-rose-provence-corse-i-g-p-ile-de-beaute-reserve-de-padulone","availability":{"indispensable":false,"purchasable":true,"stopped":false,"suspended":false,"suspensionReason":null,"checkable":false,"currentStoreOffer":null},"price":{"price":15.85,"unitOfMeasure":"Litre","perUnitLabel":"3.17 \u20ac \/ Litre","taxMessage":"","perUnit":3.1699999999999999},"ordering":{"min":1,"step":1,"max":20},"offerServiceId":"0261-150-6","uri":"boissons\/cave-a-vins\/fontaines-vins","categories":[{"id":"27070","code":"R10","slug":"boissons","label":"Boissons","uri":"boissons","type":"RAYON","level":1,"sellerId":null},{"id":"27074","code":"R10F02","slug":"cave-a-vins","label":"Cave \u00e0 vins","uri":"boissons\/cave-a-vins","type":"RAYON","level":2,"sellerId":null},{"id":"27140","code":"R10F02SF05","slug":"fontaines-vins","label":"Fontaines \u00e0 vins","uri":"boissons\/cave-a-vins\/fontaines-vins","type":"RAYON","level":3,"sellerId":null}],"topCategoryName":"Boissons","images":[{"largest":"\/media\/1500x1500\/Photosite\/PGC\/BOISSONS\/3245415039680_PHOTOSITE_20200428_062958_0.jpg?placeholder=1","1500x1500":"\/media\/1500x1500\/Photosite\/PGC\/BOISSONS\/3245415039680_PHOTOSITE_20200428_062958_0.jpg?placeholder=1","540x540":"\/media\/540x540\/Photosite\/PGC\/BOISSONS\/3245415039680_PHOTOSITE_20200428_062958_0.jpg?placeholder=1","380x380":"\/media\/380x380\/Photosite\/PGC\/BOISSONS\/3245415039680_PHOTOSITE_20200428_062958_0.jpg?placeholder=1","340x340":"\/media\/340x340\/Photosite\/PGC\/BOISSONS\/3245415039680_PHOTOSITE_20200428_062958_0.jpg?placeholder=1","340x240":"\/media\/340x240\/Photosite\/PGC\/BOISSONS\/3245415039680_PHOTOSITE_20200428_062958_0.jpg?placeholder=1","280x280":"\/media\/280x280\/Photosite\/PGC\/BOISSONS\/3245415039680_PHOTOSITE_20200428_062958_0.jpg?placeholder=1","195x195":"\/media\/195x195\/Photosite\/PGC\/BOISSONS\/3245415039680_PHOTOSITE_20200428_062958_0.jpg?placeholder=1","150x150":"\/media\/150x150\/Photosite\/PGC\/BOISSONS\/3245415039680_PHOTOSITE_20200428_062958_0.jpg?placeholder=1","43x43":"\/media\/43x43\/Photosite\/PGC\/BOISSONS\/3245415039680_PHOTOSITE_20200428_062958_0.jpg?placeholder=1"}],"promotion":null,"isDonation":false,"highlightLabel":null,"seller":null,"sellerId":null,"marketplace":null,"freshness":null,"traceability":null,"flags":["flag.common.igp"],"clubs":[],"packaging":"la fontaine de 5L","origin":"","format":"5L"},"relationships":{"substitution":null},"meta":{"recommendation":null,"cta":"buy","features":{"shoppingList":true,"deletable":false,"swap":false,"feedback":false,"freshness":true}},"links":{"self":"\/p\/vin-rose-provence-corse-i-g-p-ile-de-beaute-reserve-de-padulone-3245415039680?t=27074"}},{"type":"product","id":"product-3296313186228","attributes":{"ean":"3296313186228","cdbase":"5363432","title":"Vin rouge Hautes-C\u00f4tes de Nuits  JEAN BOUCHARD ","brand":"REFS.SANS MARQUE","slug":"vin-rouge-hautes-cotes-de-nuits-jean-bouchard","availability":{"indispensable":false,"purchasable":true,"stopped":false,"suspended":false,"suspensionReason":null,"checkable":false,"currentStoreOffer":null},"price":{"price":9.8499999999999996,"unitOfMeasure":"Litre","perUnitLabel":"13.13 \u20ac \/ Litre","taxMessage":"","perUnit":13.130000000000001},"ordering":{"min":1,"step":1,"max":36},"offerServiceId":"0261-150-6","uri":"boissons\/cave-a-vins\/vins-rouges\/bourgogne","categories":[{"id":"27070","code":"R10","slug":"boissons","label":"Boissons","uri":"boissons","type":"RAYON","level":1,"sellerId":null},{"id":"27074","code":"R10F02","slug":"cave-a-vins","label":"Cave \u00e0 vins","uri":"boissons\/cave-a-vins","type":"RAYON","level":2,"sellerId":null},{"id":"27105","code":"R10F02SF01","slug":"vins-rouges","label":"Vins rouges","uri":"boissons\/cave-a-vins\/vins-rouges","type":"RAYON","level":3,"sellerId":null},{"id":"27144","code":"R10F02SF01SS04","slug":"bourgogne","label":"Bourgogne","uri":"boissons\/cave-a-vins\/vins-rouges\/bourgogne","type":"RAYON","level":4,"sellerId":null}],"topCategoryName":"Boissons","images":[{"largest":"\/media\/1500x1500\/Photosite\/PGC\/BOISSONS\/3296313186228_PHOTOSITE_20201211_175033_0.jpg?placeholder=1","1500x1500":"\/media\/1500x1500\/Photosite\/PGC\/BOISSONS\/3296313186228_PHOTOSITE_20201211_175033_0.jpg?placeholder=1","540x540":"\/media\/540x540\/Photosite\/PGC\/BOISSONS\/3296313186228_PHOTOSITE_20201211_175033_0.jpg?placeholder=1","380x380":"\/media\/380x380\/Photosite\/PGC\/BOISSONS\/3296313186228_PHOTOSITE_20201211_175033_0.jpg?placeholder=1","340x340":"\/media\/340x340\/Photosite\/PGC\/BOISSONS\/3296313186228_PHOTOSITE_20201211_175033_0.jpg?placeholder=1","340x240":"\/media\/340x240\/Photosite\/PGC\/BOISSONS\/3296313186228_PHOTOSITE_20201211_175033_0.jpg?placeholder=1","280x280":"\/media\/280x280\/Photosite\/PGC\/BOISSONS\/3296313186228_PHOTOSITE_20201211_175033_0.jpg?placeholder=1","195x195":"\/media\/195x195\/Photosite\/PGC\/BOISSONS\/3296313186228_PHOTOSITE_20201211_175033_0.jpg?placeholder=1","150x150":"\/media\/150x150\/Photosite\/PGC\/BOISSONS\/3296313186228_PHOTOSITE_20201211_175033_0.jpg?placeholder=1","43x43":"\/media\/43x43\/Photosite\/PGC\/BOISSONS\/3296313186228_PHOTOSITE_20201211_175033_0.jpg?placeholder=1"}],"promotion":null,"isDonation":false,"highlightLabel":null,"seller":null,"sellerId":null,"marketplace":null,"freshness":null,"traceability":null,"flags":["flag.common.vegetarian"],"clubs":[],"packaging":"la bouteille de 75cl","origin":"","format":"75cL"},"relationships":{"substitution":null},"meta":{"recommendation":null,"cta":"buy","features":{"shoppingList":true,"deletable":false,"swap":false,"feedback":false,"freshness":true}},"links":{"self":"\/p\/vin-rouge-hautes-cotes-de-nuits-jean-bouchard-3296313186228?t=27074"}},{"type":"product","id":"product-3245414745759","attributes":{"ean":"3245414745759","cdbase":"3750115","title":"Vin rouge Brouilly  CAVE AUGUSTIN FLORENT ","brand":"CAVE AUGUSTIN FLOREN","slug":"vin-rouge-brouilly-cave-augustin-florent","availability":{"indispensable":false,"purchasable":true,"stopped":false,"suspended":false,"suspensionReason":null,"checkable":false,"currentStoreOffer":null},"price":{"price":5.5999999999999996,"unitOfMeasure":"Litre","perUnitLabel":"7.47 \u20ac \/ Litre","taxMessage":"","perUnit":7.4699999999999998},"ordering":{"min":1,"step":1,"max":36},"offerServiceId":"0261-150-6","uri":"boissons\/cave-a-vins\/vins-rouges\/beaujolais","categories":[{"id":"27070","code":"R10","slug":"boissons","label":"Boissons","uri":"boissons","type":"RAYON","level":1,"sellerId":null},{"id":"27074","code":"R10F02","slug":"cave-a-vins","label":"Cave \u00e0 vins","uri":"boissons\/cave-a-vins","type":"RAYON","level":2,"sellerId":null},{"id":"27105","code":"R10F02SF01","slug":"vins-rouges","label":"Vins rouges","uri":"boissons\/cave-a-vins\/vins-rouges","type":"RAYON","level":3,"sellerId":null},{"id":"27146","code":"R10F02SF01SS09","slug":"beaujolais","label":"Beaujolais","uri":"boissons\/cave-a-vins\/vins-rouges\/beaujolais","type":"RAYON","level":4,"sellerId":null}],"topCategoryName":"Boissons","images":[{"largest":"\/media\/1500x1500\/Photosite\/PGC\/BOISSONS\/3245414745759_PHOTOSITE_20171110_161057_0.jpg?placeholder=1","1500x1500":"\/media\/1500x1500\/Photosite\/PGC\/BOISSONS\/3245414745759_PHOTOSITE_20171110_161057_0.jpg?placeholder=1","540x540":"\/media\/540x540\/Photosite\/PGC\/BOISSONS\/3245414745759_PHOTOSITE_20171110_161057_0.jpg?placeholder=1","380x380":"\/media\/380x380\/Photosite\/PGC\/BOISSONS\/3245414745759_PHOTOSITE_20171110_161057_0.jpg?placeholder=1","340x340":"\/media\/340x340\/Photosite\/PGC\/BOISSONS\/3245414745759_PHOTOSITE_20171110_161057_0.jpg?placeholder=1","340x240":"\/media\/340x240\/Photosite\/PGC\/BOISSONS\/3245414745759_PHOTOSITE_20171110_161057_0.jpg?placeholder=1","280x280":"\/media\/280x280\/Photosite\/PGC\/BOISSONS\/3245414745759_PHOTOSITE_20171110_161057_0.jpg?placeholder=1","195x195":"\/media\/195x195\/Photosite\/PGC\/BOISSONS\/3245414745759_PHOTOSITE_20171110_161057_0.jpg?placeholder=1","150x150":"\/media\/150x150\/Photosite\/PGC\/BOISSONS\/3245414745759_PHOTOSITE_20171110_161057_0.jpg?placeholder=1","43x43":"\/media\/43x43\/Photosite\/PGC\/BOISSONS\/3245414745759_PHOTOSITE_20171110_161057_0.jpg?placeholder=1"},{"largest":"\/media\/1500x1500\/Photosite\/PGC\/BOISSONS\/3245414745759_PHOTOSITE_20140327_201505_7.jpg?placeholder=1","1500x1500":"\/media\/1500x1500\/Photosite\/PGC\/BOISSONS\/3245414745759_PHOTOSITE_20140327_201505_7.jpg?placeholder=1","540x540":"\/media\/540x540\/Photosite\/PGC\/BOISSONS\/3245414745759_PHOTOSITE_20140327_201505_7.jpg?placeholder=1","380x380":"\/media\/380x380\/Photosite\/PGC\/BOISSONS\/3245414745759_PHOTOSITE_20140327_201505_7.jpg?placeholder=1","340x340":"\/media\/340x340\/Photosite\/PGC\/BOISSONS\/3245414745759_PHOTOSITE_20140327_201505_7.jpg?placeholder=1","340x240":"\/media\/340x240\/Photosite\/PGC\/BOISSONS\/3245414745759_PHOTOSITE_20140327_201505_7.jpg?placeholder=1","280x280":"\/media\/280x280\/Photosite\/PGC\/BOISSONS\/3245414745759_PHOTOSITE_20140327_201505_7.jpg?placeholder=1","195x195":"\/media\/195x195\/Photosite\/PGC\/BOISSONS\/3245414745759_PHOTOSITE_20140327_201505_7.jpg?placeholder=1","150x150":"\/media\/150x150\/Photosite\/PGC\/BOISSONS\/3245414745759_PHOTOSITE_20140327_201505_7.jpg?placeholder=1","43x43":"\/media\/43x43\/Photosite\/PGC\/BOISSONS\/3245414745759_PHOTOSITE_20140327_201505_7.jpg?placeholder=1"}],"promotion":null,"isDonation":false,"highlightLabel":null,"seller":null,"sellerId":null,"marketplace":null,"freshness":null,"traceability":null,"flags":[],"clubs":[],"packaging":"la bouteille de 75cL","origin":"","format":"75cL"},"relationships":{"substitution":null},"meta":{"recommendation":null,"cta":"buy","features":{"shoppingList":true,"deletable":false,"swap":false,"feedback":false,"freshness":true}},"links":{"self":"\/p\/vin-rouge-brouilly-cave-augustin-florent-3245414745759?t=27074"}},{"type":"product","id":"product-3245414804708","attributes":{"ean":"3245414804708","cdbase":"3775103","title":"Vin rouge Bourgogne Passe-Tout-Grains 20 LA CAVE D'AUGUSTIN FLORENT ","brand":"CAVE AUGUSTIN FLOREN","slug":"vin-rouge-bourgogne-passe-tout-grains-20-la-cave-d-augustin-florent","availability":{"indispensable":false,"purchasable":true,"stopped":false,"suspended":false,"suspensionReason":null,"checkable":false,"currentStoreOffer":null},"price":{"price":4.9500000000000002,"unitOfMeasure":"Litre","perUnitLabel":"6.60 \u20ac \/ Litre","taxMessage":"","perUnit":6.5999999999999996},"ordering":{"min":1,"step":1,"max":36},"offerServiceId":"0261-150-6","uri":"boissons\/cave-a-vins\/vins-rouges\/bourgogne","categories":[{"id":"27070","code":"R10","slug":"boissons","label":"Boissons","uri":"boissons","type":"RAYON","level":1,"sellerId":null},{"id":"27074","code":"R10F02","slug":"cave-a-vins","label":"Cave \u00e0 vins","uri":"boissons\/cave-a-vins","type":"RAYON","level":2,"sellerId":null},{"id":"27105","code":"R10F02SF01","slug":"vins-rouges","label":"Vins rouges","uri":"boissons\/cave-a-vins\/vins-rouges","type":"RAYON","level":3,"sellerId":null},{"id":"27144","code":"R10F02SF01SS04","slug":"bourgogne","label":"Bourgogne","uri":"boissons\/cave-a-vins\/vins-rouges\/bourgogne","type":"RAYON","level":4,"sellerId":null}],"topCategoryName":"Boissons","images":[{"largest":"\/media\/1500x1500\/Photosite\/PGC\/BOISSONS\/3245414804708_PHOTOSITE_20161021_081849_0.jpg?placeholder=1","1500x1500":"\/media\/1500x1500\/Photosite\/PGC\/BOISSONS\/3245414804708_PHOTOSITE_20161021_081849_0.jpg?placeholder=1","540x540":"\/media\/540x540\/Photosite\/PGC\/BOISSONS\/3245414804708_PHOTOSITE_20161021_081849_0.jpg?placeholder=1","380x380":"\/media\/380x380\/Photosite\/PGC\/BOISSONS\/3245414804708_PHOTOSITE_20161021_081849_0.jpg?placeholder=1","340x340":"\/media\/340x340\/Photosite\/PGC\/BOISSONS\/3245414804708_PHOTOSITE_20161021_081849_0.jpg?placeholder=1","340x240":"\/media\/340x240\/Photosite\/PGC\/BOISSONS\/3245414804708_PHOTOSITE_20161021_081849_0.jpg?placeholder=1","280x280":"\/media\/280x280\/Photosite\/PGC\/BOISSONS\/3245414804708_PHOTOSITE_20161021_081849_0.jpg?placeholder=1","195x195":"\/media\/195x195\/Photosite\/PGC\/BOISSONS\/3245414804708_PHOTOSITE_20161021_081849_0.jpg?placeholder=1","150x150":"\/media\/150x150\/Photosite\/PGC\/BOISSONS\/3245414804708_PHOTOSITE_20161021_081849_0.jpg?placeholder=1","43x43":"\/media\/43x43\/Photosite\/PGC\/BOISSONS\/3245414804708_PHOTOSITE_20161021_081849_0.jpg?placeholder=1"},{"largest":"\/media\/1500x1500\/Photosite\/PGC\/BOISSONS\/3245414804708_PHOTOSITE_20161021_081849_2.jpg?placeholder=1","1500x1500":"\/media\/1500x1500\/Photosite\/PGC\/BOISSONS\/3245414804708_PHOTOSITE_20161021_081849_2.jpg?placeholder=1","540x540":"\/media\/540x540\/Photosite\/PGC\/BOISSONS\/3245414804708_PHOTOSITE_20161021_081849_2.jpg?placeholder=1","380x380":"\/media\/380x380\/Photosite\/PGC\/BOISSONS\/3245414804708_PHOTOSITE_20161021_081849_2.jpg?placeholder=1","340x340":"\/media\/340x340\/Photosite\/PGC\/BOISSONS\/3245414804708_PHOTOSITE_20161021_081849_2.jpg?placeholder=1","340x240":"\/media\/340x240\/Photosite\/PGC\/BOISSONS\/3245414804708_PHOTOSITE_20161021_081849_2.jpg?placeholder=1","280x280":"\/media\/280x280\/Photosite\/PGC\/BOISSONS\/3245414804708_PHOTOSITE_20161021_081849_2.jpg?placeholder=1","195x195":"\/media\/195x195\/Photosite\/PGC\/BOISSONS\/3245414804708_PHOTOSITE_20161021_081849_2.jpg?placeholder=1","150x150":"\/media\/150x150\/Photosite\/PGC\/BOISSONS\/3245414804708_PHOTOSITE_20161021_081849_2.jpg?placeholder=1","43x43":"\/media\/43x43\/Photosite\/PGC\/BOISSONS\/3245414804708_PHOTOSITE_20161021_081849_2.jpg?placeholder=1"},{"largest":"\/media\/1500x1500\/Photosite\/PGC\/BOISSONS\/3245414804708_PHOTOSITE_20161021_081849_7.jpg?placeholder=1","1500x1500":"\/media\/1500x1500\/Photosite\/PGC\/BOISSONS\/3245414804708_PHOTOSITE_20161021_081849_7.jpg?placeholder=1","540x540":"\/media\/540x540\/Photosite\/PGC\/BOISSONS\/3245414804708_PHOTOSITE_20161021_081849_7.jpg?placeholder=1","380x380":"\/media\/380x380\/Photosite\/PGC\/BOISSONS\/3245414804708_PHOTOSITE_20161021_081849_7.jpg?placeholder=1","340x340":"\/media\/340x340\/Photosite\/PGC\/BOISSONS\/3245414804708_PHOTOSITE_20161021_081849_7.jpg?placeholder=1","340x240":"\/media\/340x240\/Photosite\/PGC\/BOISSONS\/3245414804708_PHOTOSITE_20161021_081849_7.jpg?placeholder=1","280x280":"\/media\/280x280\/Photosite\/PGC\/BOISSONS\/3245414804708_PHOTOSITE_20161021_081849_7.jpg?placeholder=1","195x195":"\/media\/195x195\/Photosite\/PGC\/BOISSONS\/3245414804708_PHOTOSITE_20161021_081849_7.jpg?placeholder=1","150x150":"\/media\/150x150\/Photosite\/PGC\/BOISSONS\/3245414804708_PHOTOSITE_20161021_081849_7.jpg?placeholder=1","43x43":"\/media\/43x43\/Photosite\/PGC\/BOISSONS\/3245414804708_PHOTOSITE_20161021_081849_7.jpg?placeholder=1"},{"largest":"\/media\/1500x1500\/Photosite\/PGC\/BOISSONS\/3245414804708_PHOTOSITE_20161021_081850_8.jpg?placeholder=1","1500x1500":"\/media\/1500x1500\/Photosite\/PGC\/BOISSONS\/3245414804708_PHOTOSITE_20161021_081850_8.jpg?placeholder=1","540x540":"\/media\/540x540\/Photosite\/PGC\/BOISSONS\/3245414804708_PHOTOSITE_20161021_081850_8.jpg?placeholder=1","380x380":"\/media\/380x380\/Photosite\/PGC\/BOISSONS\/3245414804708_PHOTOSITE_20161021_081850_8.jpg?placeholder=1","340x340":"\/media\/340x340\/Photosite\/PGC\/BOISSONS\/3245414804708_PHOTOSITE_20161021_081850_8.jpg?placeholder=1","340x240":"\/media\/340x240\/Photosite\/PGC\/BOISSONS\/3245414804708_PHOTOSITE_20161021_081850_8.jpg?placeholder=1","280x280":"\/media\/280x280\/Photosite\/PGC\/BOISSONS\/3245414804708_PHOTOSITE_20161021_081850_8.jpg?placeholder=1","195x195":"\/media\/195x195\/Photosite\/PGC\/BOISSONS\/3245414804708_PHOTOSITE_20161021_081850_8.jpg?placeholder=1","150x150":"\/media\/150x150\/Photosite\/PGC\/BOISSONS\/3245414804708_PHOTOSITE_20161021_081850_8.jpg?placeholder=1","43x43":"\/media\/43x43\/Photosite\/PGC\/BOISSONS\/3245414804708_PHOTOSITE_20161021_081850_8.jpg?placeholder=1"}],"promotion":null,"isDonation":false,"highlightLabel":null,"seller":null,"sellerId":null,"marketplace":null,"freshness":null,"traceability":null,"flags":[],"clubs":[],"packaging":"la bouteille de 75cl","origin":"","format":"75cL"},"relationships":{"substitution":null},"meta":{"recommendation":null,"cta":"buy","features":{"shoppingList":true,"deletable":false,"swap":false,"feedback":false,"freshness":true}},"links":{"self":"\/p\/vin-rouge-bourgogne-passe-tout-grains-20-la-cave-d-augustin-florent-3245414804708?t=27074"}},{"type":"product","id":"product-3286170903120","attributes":{"ean":"3286170903120","cdbase":"4458022","title":"Vin rouge Haut-M\u00e9doc CHATEAU LAROSE-TRINTAUDON","brand":"REFS.SANS MARQUE","slug":"vin-rouge-haut-medoc-chateau-larose-trintaudon","availability":{"indispensable":false,"purchasable":true,"stopped":false,"suspended":false,"suspensionReason":null,"checkable":false,"currentStoreOffer":null},"price":{"price":12.5,"unitOfMeasure":"Litre","perUnitLabel":"16.67 \u20ac \/ Litre","taxMessage":"","perUnit":16.670000000000002},"ordering":{"min":1,"step":1,"max":36},"offerServiceId":"0261-150-6","uri":"boissons\/cave-a-vins\/vins-rouges\/bordeaux","categories":[{"id":"27070","code":"R10","slug":"boissons","label":"Boissons","uri":"boissons","type":"RAYON","level":1,"sellerId":null},{"id":"27074","code":"R10F02","slug":"cave-a-vins","label":"Cave \u00e0 vins","uri":"boissons\/cave-a-vins","type":"RAYON","level":2,"sellerId":null},{"id":"27105","code":"R10F02SF01","slug":"vins-rouges","label":"Vins rouges","uri":"boissons\/cave-a-vins\/vins-rouges","type":"RAYON","level":3,"sellerId":null},{"id":"27141","code":"R10F02SF01SS01","slug":"bordeaux","label":"Bordeaux","uri":"boissons\/cave-a-vins\/vins-rouges\/bordeaux","type":"RAYON","level":4,"sellerId":null}],"topCategoryName":"Boissons","images":[{"largest":"\/media\/1500x1500\/Photosite\/PGC\/BOISSONS\/3286170903120_PHOTOSITE_20200924_164841_0.jpg?placeholder=1","1500x1500":"\/media\/1500x1500\/Photosite\/PGC\/BOISSONS\/3286170903120_PHOTOSITE_20200924_164841_0.jpg?placeholder=1","540x540":"\/media\/540x540\/Photosite\/PGC\/BOISSONS\/3286170903120_PHOTOSITE_20200924_164841_0.jpg?placeholder=1","380x380":"\/media\/380x380\/Photosite\/PGC\/BOISSONS\/3286170903120_PHOTOSITE_20200924_164841_0.jpg?placeholder=1","340x340":"\/media\/340x340\/Photosite\/PGC\/BOISSONS\/3286170903120_PHOTOSITE_20200924_164841_0.jpg?placeholder=1","340x240":"\/media\/340x240\/Photosite\/PGC\/BOISSONS\/3286170903120_PHOTOSITE_20200924_164841_0.jpg?placeholder=1","280x280":"\/media\/280x280\/Photosite\/PGC\/BOISSONS\/3286170903120_PHOTOSITE_20200924_164841_0.jpg?placeholder=1","195x195":"\/media\/195x195\/Photosite\/PGC\/BOISSONS\/3286170903120_PHOTOSITE_20200924_164841_0.jpg?placeholder=1","150x150":"\/media\/150x150\/Photosite\/PGC\/BOISSONS\/3286170903120_PHOTOSITE_20200924_164841_0.jpg?placeholder=1","43x43":"\/media\/43x43\/Photosite\/PGC\/BOISSONS\/3286170903120_PHOTOSITE_20200924_164841_0.jpg?placeholder=1"}],"promotion":null,"isDonation":false,"highlightLabel":null,"seller":null,"sellerId":null,"marketplace":null,"freshness":null,"traceability":null,"flags":["flag.common.aop"],"clubs":[],"packaging":"la bouteille de 75cL","origin":"","format":"75cL"},"relationships":{"substitution":null},"meta":{"recommendation":null,"cta":"buy","features":{"shoppingList":true,"deletable":false,"swap":false,"feedback":false,"freshness":true}},"links":{"self":"\/p\/vin-rouge-haut-medoc-chateau-larose-trintaudon-3286170903120?t=27074"}},{"type":"product","id":"product-7804300010638","attributes":{"ean":"7804300010638","cdbase":"758236","title":"Vin Rouge Autres R\u00e9gions Autres Appelations Cabernet Sauvignon -Syrah GATO NEGRO","brand":"REFS.SANS MARQUE","slug":"vin-rouge-autres-regions-autres-appelations-cabernet-sauvignon-syrah-gato-negro","availability":{"indispensable":false,"purchasable":true,"stopped":false,"suspended":false,"suspensionReason":null,"checkable":false,"currentStoreOffer":null},"price":{"price":4.2000000000000002,"unitOfMeasure":"Litre","perUnitLabel":"5.60 \u20ac \/ Litre","taxMessage":"","perUnit":5.5999999999999996},"ordering":{"min":1,"step":1,"max":36},"offerServiceId":"0261-150-6","uri":"boissons\/cave-a-vins\/vins-etrangers","categories":[{"id":"27070","code":"R10","slug":"boissons","label":"Boissons","uri":"boissons","type":"RAYON","level":1,"sellerId":null},{"id":"27074","code":"R10F02","slug":"cave-a-vins","label":"Cave \u00e0 vins","uri":"boissons\/cave-a-vins","type":"RAYON","level":2,"sellerId":null},{"id":"27139","code":"R10F02SF04","slug":"vins-etrangers","label":"Vins \u00e9trangers","uri":"boissons\/cave-a-vins\/vins-etrangers","type":"RAYON","level":3,"sellerId":null}],"topCategoryName":"Boissons","images":[{"largest":"\/media\/1500x1500\/Photosite\/PGC\/BOISSONS\/7804300010638_PHOTOSITE_20200513_061512_0.jpg?placeholder=1","1500x1500":"\/media\/1500x1500\/Photosite\/PGC\/BOISSONS\/7804300010638_PHOTOSITE_20200513_061512_0.jpg?placeholder=1","540x540":"\/media\/540x540\/Photosite\/PGC\/BOISSONS\/7804300010638_PHOTOSITE_20200513_061512_0.jpg?placeholder=1","380x380":"\/media\/380x380\/Photosite\/PGC\/BOISSONS\/7804300010638_PHOTOSITE_20200513_061512_0.jpg?placeholder=1","340x340":"\/media\/340x340\/Photosite\/PGC\/BOISSONS\/7804300010638_PHOTOSITE_20200513_061512_0.jpg?placeholder=1","340x240":"\/media\/340x240\/Photosite\/PGC\/BOISSONS\/7804300010638_PHOTOSITE_20200513_061512_0.jpg?placeholder=1","280x280":"\/media\/280x280\/Photosite\/PGC\/BOISSONS\/7804300010638_PHOTOSITE_20200513_061512_0.jpg?placeholder=1","195x195":"\/media\/195x195\/Photosite\/PGC\/BOISSONS\/7804300010638_PHOTOSITE_20200513_061512_0.jpg?placeholder=1","150x150":"\/media\/150x150\/Photosite\/PGC\/BOISSONS\/7804300010638_PHOTOSITE_20200513_061512_0.jpg?placeholder=1","43x43":"\/media\/43x43\/Photosite\/PGC\/BOISSONS\/7804300010638_PHOTOSITE_20200513_061512_0.jpg?placeholder=1"}],"promotion":null,"isDonation":false,"highlightLabel":null,"seller":null,"sellerId":null,"marketplace":null,"freshness":null,"traceability":null,"flags":[],"clubs":[],"packaging":"la bouteille de 75cL","origin":"","format":"75cL"},"relationships":{"substitution":null},"meta":{"recommendation":null,"cta":"buy","features":{"shoppingList":true,"deletable":false,"swap":false,"feedback":false,"freshness":true}},"links":{"self":"\/p\/vin-rouge-autres-regions-autres-appelations-cabernet-sauvignon-syrah-gato-negro-7804300010638?t=27074"}},{"type":"product","id":"product-3424150032402","attributes":{"ean":"3424150032402","cdbase":"4165777","title":"Vin ros\u00e9  VIGNERONS DU CASTELAS","brand":"REFS.SANS MARQUE","slug":"vin-rose-vignerons-du-castelas","availability":{"indispensable":false,"purchasable":true,"stopped":false,"suspended":false,"suspensionReason":null,"checkable":false,"currentStoreOffer":null},"price":{"price":15.5,"unitOfMeasure":"Litre","perUnitLabel":"3.10 \u20ac \/ Litre","taxMessage":"","perUnit":3.1000000000000001},"ordering":{"min":1,"step":1,"max":36},"offerServiceId":"0261-150-6","uri":"boissons\/cave-a-vins\/fontaines-vins","categories":[{"id":"27070","code":"R10","slug":"boissons","label":"Boissons","uri":"boissons","type":"RAYON","level":1,"sellerId":null},{"id":"27074","code":"R10F02","slug":"cave-a-vins","label":"Cave \u00e0 vins","uri":"boissons\/cave-a-vins","type":"RAYON","level":2,"sellerId":null},{"id":"27140","code":"R10F02SF05","slug":"fontaines-vins","label":"Fontaines \u00e0 vins","uri":"boissons\/cave-a-vins\/fontaines-vins","type":"RAYON","level":3,"sellerId":null}],"topCategoryName":"Boissons","images":[{"largest":"\/media\/1500x1500\/Photosite\/PGC\/BOISSONS\/3424150032402_PHOTOSITE_20150911_164550_0.jpg?placeholder=1","1500x1500":"\/media\/1500x1500\/Photosite\/PGC\/BOISSONS\/3424150032402_PHOTOSITE_20150911_164550_0.jpg?placeholder=1","540x540":"\/media\/540x540\/Photosite\/PGC\/BOISSONS\/3424150032402_PHOTOSITE_20150911_164550_0.jpg?placeholder=1","380x380":"\/media\/380x380\/Photosite\/PGC\/BOISSONS\/3424150032402_PHOTOSITE_20150911_164550_0.jpg?placeholder=1","340x340":"\/media\/340x340\/Photosite\/PGC\/BOISSONS\/3424150032402_PHOTOSITE_20150911_164550_0.jpg?placeholder=1","340x240":"\/media\/340x240\/Photosite\/PGC\/BOISSONS\/3424150032402_PHOTOSITE_20150911_164550_0.jpg?placeholder=1","280x280":"\/media\/280x280\/Photosite\/PGC\/BOISSONS\/3424150032402_PHOTOSITE_20150911_164550_0.jpg?placeholder=1","195x195":"\/media\/195x195\/Photosite\/PGC\/BOISSONS\/3424150032402_PHOTOSITE_20150911_164550_0.jpg?placeholder=1","150x150":"\/media\/150x150\/Photosite\/PGC\/BOISSONS\/3424150032402_PHOTOSITE_20150911_164550_0.jpg?placeholder=1","43x43":"\/media\/43x43\/Photosite\/PGC\/BOISSONS\/3424150032402_PHOTOSITE_20150911_164550_0.jpg?placeholder=1"},{"largest":"\/media\/1500x1500\/Photosite\/PGC\/BOISSONS\/3424150032402_PHOTOSITE_20150911_164550_2.jpg?placeholder=1","1500x1500":"\/media\/1500x1500\/Photosite\/PGC\/BOISSONS\/3424150032402_PHOTOSITE_20150911_164550_2.jpg?placeholder=1","540x540":"\/media\/540x540\/Photosite\/PGC\/BOISSONS\/3424150032402_PHOTOSITE_20150911_164550_2.jpg?placeholder=1","380x380":"\/media\/380x380\/Photosite\/PGC\/BOISSONS\/3424150032402_PHOTOSITE_20150911_164550_2.jpg?placeholder=1","340x340":"\/media\/340x340\/Photosite\/PGC\/BOISSONS\/3424150032402_PHOTOSITE_20150911_164550_2.jpg?placeholder=1","340x240":"\/media\/340x240\/Photosite\/PGC\/BOISSONS\/3424150032402_PHOTOSITE_20150911_164550_2.jpg?placeholder=1","280x280":"\/media\/280x280\/Photosite\/PGC\/BOISSONS\/3424150032402_PHOTOSITE_20150911_164550_2.jpg?placeholder=1","195x195":"\/media\/195x195\/Photosite\/PGC\/BOISSONS\/3424150032402_PHOTOSITE_20150911_164550_2.jpg?placeholder=1","150x150":"\/media\/150x150\/Photosite\/PGC\/BOISSONS\/3424150032402_PHOTOSITE_20150911_164550_2.jpg?placeholder=1","43x43":"\/media\/43x43\/Photosite\/PGC\/BOISSONS\/3424150032402_PHOTOSITE_20150911_164550_2.jpg?placeholder=1"},{"largest":"\/media\/1500x1500\/Photosite\/PGC\/BOISSONS\/3424150032402_PHOTOSITE_20150911_164550_3.jpg?placeholder=1","1500x1500":"\/media\/1500x1500\/Photosite\/PGC\/BOISSONS\/3424150032402_PHOTOSITE_20150911_164550_3.jpg?placeholder=1","540x540":"\/media\/540x540\/Photosite\/PGC\/BOISSONS\/3424150032402_PHOTOSITE_20150911_164550_3.jpg?placeholder=1","380x380":"\/media\/380x380\/Photosite\/PGC\/BOISSONS\/3424150032402_PHOTOSITE_20150911_164550_3.jpg?placeholder=1","340x340":"\/media\/340x340\/Photosite\/PGC\/BOISSONS\/3424150032402_PHOTOSITE_20150911_164550_3.jpg?placeholder=1","340x240":"\/media\/340x240\/Photosite\/PGC\/BOISSONS\/3424150032402_PHOTOSITE_20150911_164550_3.jpg?placeholder=1","280x280":"\/media\/280x280\/Photosite\/PGC\/BOISSONS\/3424150032402_PHOTOSITE_20150911_164550_3.jpg?placeholder=1","195x195":"\/media\/195x195\/Photosite\/PGC\/BOISSONS\/3424150032402_PHOTOSITE_20150911_164550_3.jpg?placeholder=1","150x150":"\/media\/150x150\/Photosite\/PGC\/BOISSONS\/3424150032402_PHOTOSITE_20150911_164550_3.jpg?placeholder=1","43x43":"\/media\/43x43\/Photosite\/PGC\/BOISSONS\/3424150032402_PHOTOSITE_20150911_164550_3.jpg?placeholder=1"},{"largest":"\/media\/1500x1500\/Photosite\/PGC\/BOISSONS\/3424150032402_PHOTOSITE_20150911_164550_7.jpg?placeholder=1","1500x1500":"\/media\/1500x1500\/Photosite\/PGC\/BOISSONS\/3424150032402_PHOTOSITE_20150911_164550_7.jpg?placeholder=1","540x540":"\/media\/540x540\/Photosite\/PGC\/BOISSONS\/3424150032402_PHOTOSITE_20150911_164550_7.jpg?placeholder=1","380x380":"\/media\/380x380\/Photosite\/PGC\/BOISSONS\/3424150032402_PHOTOSITE_20150911_164550_7.jpg?placeholder=1","340x340":"\/media\/340x340\/Photosite\/PGC\/BOISSONS\/3424150032402_PHOTOSITE_20150911_164550_7.jpg?placeholder=1","340x240":"\/media\/340x240\/Photosite\/PGC\/BOISSONS\/3424150032402_PHOTOSITE_20150911_164550_7.jpg?placeholder=1","280x280":"\/media\/280x280\/Photosite\/PGC\/BOISSONS\/3424150032402_PHOTOSITE_20150911_164550_7.jpg?placeholder=1","195x195":"\/media\/195x195\/Photosite\/PGC\/BOISSONS\/3424150032402_PHOTOSITE_20150911_164550_7.jpg?placeholder=1","150x150":"\/media\/150x150\/Photosite\/PGC\/BOISSONS\/3424150032402_PHOTOSITE_20150911_164550_7.jpg?placeholder=1","43x43":"\/media\/43x43\/Photosite\/PGC\/BOISSONS\/3424150032402_PHOTOSITE_20150911_164550_7.jpg?placeholder=1"},{"largest":"\/media\/1500x1500\/Photosite\/PGC\/BOISSONS\/3424150032402_PHOTOSITE_20150911_164550_8.jpg?placeholder=1","1500x1500":"\/media\/1500x1500\/Photosite\/PGC\/BOISSONS\/3424150032402_PHOTOSITE_20150911_164550_8.jpg?placeholder=1","540x540":"\/media\/540x540\/Photosite\/PGC\/BOISSONS\/3424150032402_PHOTOSITE_20150911_164550_8.jpg?placeholder=1","380x380":"\/media\/380x380\/Photosite\/PGC\/BOISSONS\/3424150032402_PHOTOSITE_20150911_164550_8.jpg?placeholder=1","340x340":"\/media\/340x340\/Photosite\/PGC\/BOISSONS\/3424150032402_PHOTOSITE_20150911_164550_8.jpg?placeholder=1","340x240":"\/media\/340x240\/Photosite\/PGC\/BOISSONS\/3424150032402_PHOTOSITE_20150911_164550_8.jpg?placeholder=1","280x280":"\/media\/280x280\/Photosite\/PGC\/BOISSONS\/3424150032402_PHOTOSITE_20150911_164550_8.jpg?placeholder=1","195x195":"\/media\/195x195\/Photosite\/PGC\/BOISSONS\/3424150032402_PHOTOSITE_20150911_164550_8.jpg?placeholder=1","150x150":"\/media\/150x150\/Photosite\/PGC\/BOISSONS\/3424150032402_PHOTOSITE_20150911_164550_8.jpg?placeholder=1","43x43":"\/media\/43x43\/Photosite\/PGC\/BOISSONS\/3424150032402_PHOTOSITE_20150911_164550_8.jpg?placeholder=1"}],"promotion":null,"isDonation":false,"highlightLabel":null,"seller":null,"sellerId":null,"marketplace":null,"freshness":null,"traceability":null,"flags":["flag.common.igp"],"clubs":[],"packaging":"la fontaine de 5L","origin":"","format":"5L"},"relationships":{"substitution":null},"meta":{"recommendation":null,"cta":"buy","features":{"shoppingList":true,"deletable":false,"swap":false,"feedback":false,"freshness":true}},"links":{"self":"\/p\/vin-rose-vignerons-du-castelas-3424150032402?t=27074"}},{"type":"product","id":"product-3245414928459","attributes":{"ean":"3245414928459","cdbase":"3830559","title":"Vin rouge Blaye C\u00f4tes de Bordeaux 2016 CAVE AUGUSTIN FLORENT","brand":"CAVE AUGUSTIN FLOREN","slug":"vin-rouge-blaye-cotes-de-bordeaux-2016-cave-augustin-florent","availability":{"indispensable":false,"purchasable":true,"stopped":false,"suspended":false,"suspensionReason":null,"checkable":false,"currentStoreOffer":null},"price":{"price":3.8999999999999999,"unitOfMeasure":"Litre","perUnitLabel":"5.20 \u20ac \/ Litre","taxMessage":"","perUnit":5.2000000000000002},"ordering":{"min":1,"step":1,"max":36},"offerServiceId":"0261-150-6","uri":"boissons\/cave-a-vins\/vins-rouges\/bordeaux","categories":[{"id":"27070","code":"R10","slug":"boissons","label":"Boissons","uri":"boissons","type":"RAYON","level":1,"sellerId":null},{"id":"27074","code":"R10F02","slug":"cave-a-vins","label":"Cave \u00e0 vins","uri":"boissons\/cave-a-vins","type":"RAYON","level":2,"sellerId":null},{"id":"27105","code":"R10F02SF01","slug":"vins-rouges","label":"Vins rouges","uri":"boissons\/cave-a-vins\/vins-rouges","type":"RAYON","level":3,"sellerId":null},{"id":"27141","code":"R10F02SF01SS01","slug":"bordeaux","label":"Bordeaux","uri":"boissons\/cave-a-vins\/vins-rouges\/bordeaux","type":"RAYON","level":4,"sellerId":null}],"topCategoryName":"Boissons","images":[{"largest":"\/media\/1500x1500\/Photosite\/PGC\/BOISSONS\/3245414928459_PHOTOSITE_20180205_152831_0.jpg?placeholder=1","1500x1500":"\/media\/1500x1500\/Photosite\/PGC\/BOISSONS\/3245414928459_PHOTOSITE_20180205_152831_0.jpg?placeholder=1","540x540":"\/media\/540x540\/Photosite\/PGC\/BOISSONS\/3245414928459_PHOTOSITE_20180205_152831_0.jpg?placeholder=1","380x380":"\/media\/380x380\/Photosite\/PGC\/BOISSONS\/3245414928459_PHOTOSITE_20180205_152831_0.jpg?placeholder=1","340x340":"\/media\/340x340\/Photosite\/PGC\/BOISSONS\/3245414928459_PHOTOSITE_20180205_152831_0.jpg?placeholder=1","340x240":"\/media\/340x240\/Photosite\/PGC\/BOISSONS\/3245414928459_PHOTOSITE_20180205_152831_0.jpg?placeholder=1","280x280":"\/media\/280x280\/Photosite\/PGC\/BOISSONS\/3245414928459_PHOTOSITE_20180205_152831_0.jpg?placeholder=1","195x195":"\/media\/195x195\/Photosite\/PGC\/BOISSONS\/3245414928459_PHOTOSITE_20180205_152831_0.jpg?placeholder=1","150x150":"\/media\/150x150\/Photosite\/PGC\/BOISSONS\/3245414928459_PHOTOSITE_20180205_152831_0.jpg?placeholder=1","43x43":"\/media\/43x43\/Photosite\/PGC\/BOISSONS\/3245414928459_PHOTOSITE_20180205_152831_0.jpg?placeholder=1"},{"largest":"\/media\/1500x1500\/Photosite\/PGC\/BOISSONS\/3245414928459_PHOTOSITE_20140625_124220_7.jpg?placeholder=1","1500x1500":"\/media\/1500x1500\/Photosite\/PGC\/BOISSONS\/3245414928459_PHOTOSITE_20140625_124220_7.jpg?placeholder=1","540x540":"\/media\/540x540\/Photosite\/PGC\/BOISSONS\/3245414928459_PHOTOSITE_20140625_124220_7.jpg?placeholder=1","380x380":"\/media\/380x380\/Photosite\/PGC\/BOISSONS\/3245414928459_PHOTOSITE_20140625_124220_7.jpg?placeholder=1","340x340":"\/media\/340x340\/Photosite\/PGC\/BOISSONS\/3245414928459_PHOTOSITE_20140625_124220_7.jpg?placeholder=1","340x240":"\/media\/340x240\/Photosite\/PGC\/BOISSONS\/3245414928459_PHOTOSITE_20140625_124220_7.jpg?placeholder=1","280x280":"\/media\/280x280\/Photosite\/PGC\/BOISSONS\/3245414928459_PHOTOSITE_20140625_124220_7.jpg?placeholder=1","195x195":"\/media\/195x195\/Photosite\/PGC\/BOISSONS\/3245414928459_PHOTOSITE_20140625_124220_7.jpg?placeholder=1","150x150":"\/media\/150x150\/Photosite\/PGC\/BOISSONS\/3245414928459_PHOTOSITE_20140625_124220_7.jpg?placeholder=1","43x43":"\/media\/43x43\/Photosite\/PGC\/BOISSONS\/3245414928459_PHOTOSITE_20140625_124220_7.jpg?placeholder=1"}],"promotion":null,"isDonation":false,"highlightLabel":null,"seller":null,"sellerId":null,"marketplace":null,"freshness":null,"traceability":null,"flags":[],"clubs":[],"packaging":"la bouteille de 75cL","origin":"","format":"75cL"},"relationships":{"substitution":null},"meta":{"recommendation":null,"cta":"buy","features":{"shoppingList":true,"deletable":false,"swap":false,"feedback":false,"freshness":true}},"links":{"self":"\/p\/vin-rouge-blaye-cotes-de-bordeaux-2016-cave-augustin-florent-3245414928459?t=27074"}},{"type":"product","id":"product-3245414538757","attributes":{"ean":"3245414538757","cdbase":"3641127","title":"Vin rouge Bordeaux Montagne Saint Emilion Merlot - Cabernet Sauvignon LA CAVE D'AUGUSTIN FLORENT","brand":"CAVE AUGUSTIN FLOREN","slug":"vin-rouge-bordeaux-montagne-saint-emilion-merlot-cabernet-sauvignon-la-cave-d-augustin-florent","availability":{"indispensable":false,"purchasable":true,"stopped":false,"suspended":false,"suspensionReason":null,"checkable":false,"currentStoreOffer":null},"price":{"price":6.25,"unitOfMeasure":"Litre","perUnitLabel":"8.33 \u20ac \/ Litre","taxMessage":"","perUnit":8.3300000000000001},"ordering":{"min":1,"step":1,"max":36},"offerServiceId":"0261-150-6","uri":"boissons\/cave-a-vins\/vins-rouges\/bordeaux","categories":[{"id":"27070","code":"R10","slug":"boissons","label":"Boissons","uri":"boissons","type":"RAYON","level":1,"sellerId":null},{"id":"27074","code":"R10F02","slug":"cave-a-vins","label":"Cave \u00e0 vins","uri":"boissons\/cave-a-vins","type":"RAYON","level":2,"sellerId":null},{"id":"27105","code":"R10F02SF01","slug":"vins-rouges","label":"Vins rouges","uri":"boissons\/cave-a-vins\/vins-rouges","type":"RAYON","level":3,"sellerId":null},{"id":"27141","code":"R10F02SF01SS01","slug":"bordeaux","label":"Bordeaux","uri":"boissons\/cave-a-vins\/vins-rouges\/bordeaux","type":"RAYON","level":4,"sellerId":null}],"topCategoryName":"Boissons","images":[{"largest":"\/media\/1500x1500\/Photosite\/PGC\/BOISSONS\/3245414538757_PHOTOSITE_20190730_071725_0.jpg?placeholder=1","1500x1500":"\/media\/1500x1500\/Photosite\/PGC\/BOISSONS\/3245414538757_PHOTOSITE_20190730_071725_0.jpg?placeholder=1","540x540":"\/media\/540x540\/Photosite\/PGC\/BOISSONS\/3245414538757_PHOTOSITE_20190730_071725_0.jpg?placeholder=1","380x380":"\/media\/380x380\/Photosite\/PGC\/BOISSONS\/3245414538757_PHOTOSITE_20190730_071725_0.jpg?placeholder=1","340x340":"\/media\/340x340\/Photosite\/PGC\/BOISSONS\/3245414538757_PHOTOSITE_20190730_071725_0.jpg?placeholder=1","340x240":"\/media\/340x240\/Photosite\/PGC\/BOISSONS\/3245414538757_PHOTOSITE_20190730_071725_0.jpg?placeholder=1","280x280":"\/media\/280x280\/Photosite\/PGC\/BOISSONS\/3245414538757_PHOTOSITE_20190730_071725_0.jpg?placeholder=1","195x195":"\/media\/195x195\/Photosite\/PGC\/BOISSONS\/3245414538757_PHOTOSITE_20190730_071725_0.jpg?placeholder=1","150x150":"\/media\/150x150\/Photosite\/PGC\/BOISSONS\/3245414538757_PHOTOSITE_20190730_071725_0.jpg?placeholder=1","43x43":"\/media\/43x43\/Photosite\/PGC\/BOISSONS\/3245414538757_PHOTOSITE_20190730_071725_0.jpg?placeholder=1"}],"promotion":null,"isDonation":false,"highlightLabel":null,"seller":null,"sellerId":null,"marketplace":null,"freshness":null,"traceability":null,"flags":[],"clubs":[],"packaging":"la bouteille de 75cL","origin":"","format":"75cL"},"relationships":{"substitution":null},"meta":{"recommendation":null,"cta":"buy","features":{"shoppingList":true,"deletable":false,"swap":false,"feedback":false,"freshness":true}},"links":{"self":"\/p\/vin-rouge-bordeaux-montagne-saint-emilion-merlot-cabernet-sauvignon-la-cave-d-augustin-florent-3245414538757?t=27074"}},{"type":"product","id":"product-3245414712102","attributes":{"ean":"3245414712102","cdbase":"3735808","title":"Vin rouge Bourgueil  CAVE AUGUSTIN FLORENT ","brand":"CAVE AUGUSTIN FLOREN","slug":"vin-rouge-bourgueil-cave-augustin-florent","availability":{"indispensable":false,"purchasable":true,"stopped":false,"suspended":false,"suspensionReason":null,"checkable":false,"currentStoreOffer":null},"price":{"price":4.7999999999999998,"unitOfMeasure":"Litre","perUnitLabel":"6.40 \u20ac \/ Litre","taxMessage":"","perUnit":6.4000000000000004},"ordering":{"min":1,"step":1,"max":36},"offerServiceId":"0261-150-6","uri":"boissons\/cave-a-vins\/vins-rouges\/val-de-loire","categories":[{"id":"27070","code":"R10","slug":"boissons","label":"Boissons","uri":"boissons","type":"RAYON","level":1,"sellerId":null},{"id":"27074","code":"R10F02","slug":"cave-a-vins","label":"Cave \u00e0 vins","uri":"boissons\/cave-a-vins","type":"RAYON","level":2,"sellerId":null},{"id":"27105","code":"R10F02SF01","slug":"vins-rouges","label":"Vins rouges","uri":"boissons\/cave-a-vins\/vins-rouges","type":"RAYON","level":3,"sellerId":null},{"id":"27147","code":"R10F02SF01SS06","slug":"val-de-loire","label":"Val de Loire","uri":"boissons\/cave-a-vins\/vins-rouges\/val-de-loire","type":"RAYON","level":4,"sellerId":null}],"topCategoryName":"Boissons","images":[{"largest":"\/media\/1500x1500\/Photosite\/PGC\/BOISSONS\/3245414712102_PHOTOSITE_20170818_112702_0.jpg?placeholder=1","1500x1500":"\/media\/1500x1500\/Photosite\/PGC\/BOISSONS\/3245414712102_PHOTOSITE_20170818_112702_0.jpg?placeholder=1","540x540":"\/media\/540x540\/Photosite\/PGC\/BOISSONS\/3245414712102_PHOTOSITE_20170818_112702_0.jpg?placeholder=1","380x380":"\/media\/380x380\/Photosite\/PGC\/BOISSONS\/3245414712102_PHOTOSITE_20170818_112702_0.jpg?placeholder=1","340x340":"\/media\/340x340\/Photosite\/PGC\/BOISSONS\/3245414712102_PHOTOSITE_20170818_112702_0.jpg?placeholder=1","340x240":"\/media\/340x240\/Photosite\/PGC\/BOISSONS\/3245414712102_PHOTOSITE_20170818_112702_0.jpg?placeholder=1","280x280":"\/media\/280x280\/Photosite\/PGC\/BOISSONS\/3245414712102_PHOTOSITE_20170818_112702_0.jpg?placeholder=1","195x195":"\/media\/195x195\/Photosite\/PGC\/BOISSONS\/3245414712102_PHOTOSITE_20170818_112702_0.jpg?placeholder=1","150x150":"\/media\/150x150\/Photosite\/PGC\/BOISSONS\/3245414712102_PHOTOSITE_20170818_112702_0.jpg?placeholder=1","43x43":"\/media\/43x43\/Photosite\/PGC\/BOISSONS\/3245414712102_PHOTOSITE_20170818_112702_0.jpg?placeholder=1"},{"largest":"\/media\/1500x1500\/Photosite\/PGC\/BOISSONS\/3245414712102_PHOTOSITE_20140327_171919_7.jpg?placeholder=1","1500x1500":"\/media\/1500x1500\/Photosite\/PGC\/BOISSONS\/3245414712102_PHOTOSITE_20140327_171919_7.jpg?placeholder=1","540x540":"\/media\/540x540\/Photosite\/PGC\/BOISSONS\/3245414712102_PHOTOSITE_20140327_171919_7.jpg?placeholder=1","380x380":"\/media\/380x380\/Photosite\/PGC\/BOISSONS\/3245414712102_PHOTOSITE_20140327_171919_7.jpg?placeholder=1","340x340":"\/media\/340x340\/Photosite\/PGC\/BOISSONS\/3245414712102_PHOTOSITE_20140327_171919_7.jpg?placeholder=1","340x240":"\/media\/340x240\/Photosite\/PGC\/BOISSONS\/3245414712102_PHOTOSITE_20140327_171919_7.jpg?placeholder=1","280x280":"\/media\/280x280\/Photosite\/PGC\/BOISSONS\/3245414712102_PHOTOSITE_20140327_171919_7.jpg?placeholder=1","195x195":"\/media\/195x195\/Photosite\/PGC\/BOISSONS\/3245414712102_PHOTOSITE_20140327_171919_7.jpg?placeholder=1","150x150":"\/media\/150x150\/Photosite\/PGC\/BOISSONS\/3245414712102_PHOTOSITE_20140327_171919_7.jpg?placeholder=1","43x43":"\/media\/43x43\/Photosite\/PGC\/BOISSONS\/3245414712102_PHOTOSITE_20140327_171919_7.jpg?placeholder=1"}],"promotion":null,"isDonation":false,"highlightLabel":null,"seller":null,"sellerId":null,"marketplace":null,"freshness":null,"traceability":null,"flags":[],"clubs":[],"packaging":"la bouteille de 75cL","origin":"","format":"75cL"},"relationships":{"substitution":null},"meta":{"recommendation":null,"cta":"buy","features":{"shoppingList":true,"deletable":false,"swap":false,"feedback":false,"freshness":true}},"links":{"self":"\/p\/vin-rouge-bourgueil-cave-augustin-florent-3245414712102?t=27074"}},{"type":"product","id":"product-3245414819849","attributes":{"ean":"3245414819849","cdbase":"3781427","title":"Vin rouge Bourgogne pinot noir CAVE AUGUSTIN FLORENT","brand":"CAVE AUGUSTIN FLOREN","slug":"vin-rouge-bourgogne-pinot-noir-cave-augustin-florent","availability":{"indispensable":false,"purchasable":true,"stopped":false,"suspended":false,"suspensionReason":null,"checkable":false,"currentStoreOffer":null},"price":{"price":6.5999999999999996,"unitOfMeasure":"Litre","perUnitLabel":"8.80 \u20ac \/ Litre","taxMessage":"","perUnit":8.8000000000000007},"ordering":{"min":1,"step":1,"max":36},"offerServiceId":"0261-150-6","uri":"boissons\/cave-a-vins\/vins-rouges\/bourgogne","categories":[{"id":"27070","code":"R10","slug":"boissons","label":"Boissons","uri":"boissons","type":"RAYON","level":1,"sellerId":null},{"id":"27074","code":"R10F02","slug":"cave-a-vins","label":"Cave \u00e0 vins","uri":"boissons\/cave-a-vins","type":"RAYON","level":2,"sellerId":null},{"id":"27105","code":"R10F02SF01","slug":"vins-rouges","label":"Vins rouges","uri":"boissons\/cave-a-vins\/vins-rouges","type":"RAYON","level":3,"sellerId":null},{"id":"27144","code":"R10F02SF01SS04","slug":"bourgogne","label":"Bourgogne","uri":"boissons\/cave-a-vins\/vins-rouges\/bourgogne","type":"RAYON","level":4,"sellerId":null}],"topCategoryName":"Boissons","images":[{"largest":"\/media\/1500x1500\/Photosite\/PGC\/BOISSONS\/3245414819849_PHOTOSITE_20161123_081745_0.jpg?placeholder=1","1500x1500":"\/media\/1500x1500\/Photosite\/PGC\/BOISSONS\/3245414819849_PHOTOSITE_20161123_081745_0.jpg?placeholder=1","540x540":"\/media\/540x540\/Photosite\/PGC\/BOISSONS\/3245414819849_PHOTOSITE_20161123_081745_0.jpg?placeholder=1","380x380":"\/media\/380x380\/Photosite\/PGC\/BOISSONS\/3245414819849_PHOTOSITE_20161123_081745_0.jpg?placeholder=1","340x340":"\/media\/340x340\/Photosite\/PGC\/BOISSONS\/3245414819849_PHOTOSITE_20161123_081745_0.jpg?placeholder=1","340x240":"\/media\/340x240\/Photosite\/PGC\/BOISSONS\/3245414819849_PHOTOSITE_20161123_081745_0.jpg?placeholder=1","280x280":"\/media\/280x280\/Photosite\/PGC\/BOISSONS\/3245414819849_PHOTOSITE_20161123_081745_0.jpg?placeholder=1","195x195":"\/media\/195x195\/Photosite\/PGC\/BOISSONS\/3245414819849_PHOTOSITE_20161123_081745_0.jpg?placeholder=1","150x150":"\/media\/150x150\/Photosite\/PGC\/BOISSONS\/3245414819849_PHOTOSITE_20161123_081745_0.jpg?placeholder=1","43x43":"\/media\/43x43\/Photosite\/PGC\/BOISSONS\/3245414819849_PHOTOSITE_20161123_081745_0.jpg?placeholder=1"},{"largest":"\/media\/1500x1500\/Photosite\/PGC\/BOISSONS\/3245414819849_PHOTOSITE_20161123_081745_7.jpg?placeholder=1","1500x1500":"\/media\/1500x1500\/Photosite\/PGC\/BOISSONS\/3245414819849_PHOTOSITE_20161123_081745_7.jpg?placeholder=1","540x540":"\/media\/540x540\/Photosite\/PGC\/BOISSONS\/3245414819849_PHOTOSITE_20161123_081745_7.jpg?placeholder=1","380x380":"\/media\/380x380\/Photosite\/PGC\/BOISSONS\/3245414819849_PHOTOSITE_20161123_081745_7.jpg?placeholder=1","340x340":"\/media\/340x340\/Photosite\/PGC\/BOISSONS\/3245414819849_PHOTOSITE_20161123_081745_7.jpg?placeholder=1","340x240":"\/media\/340x240\/Photosite\/PGC\/BOISSONS\/3245414819849_PHOTOSITE_20161123_081745_7.jpg?placeholder=1","280x280":"\/media\/280x280\/Photosite\/PGC\/BOISSONS\/3245414819849_PHOTOSITE_20161123_081745_7.jpg?placeholder=1","195x195":"\/media\/195x195\/Photosite\/PGC\/BOISSONS\/3245414819849_PHOTOSITE_20161123_081745_7.jpg?placeholder=1","150x150":"\/media\/150x150\/Photosite\/PGC\/BOISSONS\/3245414819849_PHOTOSITE_20161123_081745_7.jpg?placeholder=1","43x43":"\/media\/43x43\/Photosite\/PGC\/BOISSONS\/3245414819849_PHOTOSITE_20161123_081745_7.jpg?placeholder=1"}],"promotion":null,"isDonation":false,"highlightLabel":null,"seller":null,"sellerId":null,"marketplace":null,"freshness":null,"traceability":null,"flags":[],"clubs":[],"packaging":"la bouteille de 75cl","origin":"","format":"75cL"},"relationships":{"substitution":null},"meta":{"recommendation":null,"cta":"buy","features":{"shoppingList":true,"deletable":false,"swap":false,"feedback":false,"freshness":true}},"links":{"self":"\/p\/vin-rouge-bourgogne-pinot-noir-cave-augustin-florent-3245414819849?t=27074"}},{"type":"product","id":"product-3245414678750","attributes":{"ean":"3245414678750","cdbase":"3710450","title":"Vin Blanc Bourgogne Bourgogne Aligot\u00e9 Aligot\u00e9 LA CAVE D'AUGUSTIN FLORENT","brand":"CAVE AUGUSTIN FLOREN","slug":"vin-blanc-bourgogne-bourgogne-aligote-aligote-la-cave-d-augustin-florent","availability":{"indispensable":false,"purchasable":true,"stopped":false,"suspended":false,"suspensionReason":null,"checkable":false,"currentStoreOffer":null},"price":{"price":5.7000000000000002,"unitOfMeasure":"Litre","perUnitLabel":"7.60 \u20ac \/ Litre","taxMessage":"","perUnit":7.5999999999999996},"ordering":{"min":1,"step":1,"max":20},"offerServiceId":"0261-150-6","uri":"boissons\/cave-a-vins\/vins-blancs\/bourgogne","categories":[{"id":"27070","code":"R10","slug":"boissons","label":"Boissons","uri":"boissons","type":"RAYON","level":1,"sellerId":null},{"id":"27074","code":"R10F02","slug":"cave-a-vins","label":"Cave \u00e0 vins","uri":"boissons\/cave-a-vins","type":"RAYON","level":2,"sellerId":null},{"id":"27106","code":"R10F02SF02","slug":"vins-blancs","label":"Vins blancs","uri":"boissons\/cave-a-vins\/vins-blancs","type":"RAYON","level":3,"sellerId":null},{"id":"27151","code":"R10F02SF02SS01","slug":"bourgogne","label":"Bourgogne","uri":"boissons\/cave-a-vins\/vins-blancs\/bourgogne","type":"RAYON","level":4,"sellerId":null}],"topCategoryName":"Boissons","images":[{"largest":"\/media\/1500x1500\/Photosite\/PGC\/BOISSONS\/3245414678750_PHOTOSITE_20200804_080909_0.jpg?placeholder=1","1500x1500":"\/media\/1500x1500\/Photosite\/PGC\/BOISSONS\/3245414678750_PHOTOSITE_20200804_080909_0.jpg?placeholder=1","540x540":"\/media\/540x540\/Photosite\/PGC\/BOISSONS\/3245414678750_PHOTOSITE_20200804_080909_0.jpg?placeholder=1","380x380":"\/media\/380x380\/Photosite\/PGC\/BOISSONS\/3245414678750_PHOTOSITE_20200804_080909_0.jpg?placeholder=1","340x340":"\/media\/340x340\/Photosite\/PGC\/BOISSONS\/3245414678750_PHOTOSITE_20200804_080909_0.jpg?placeholder=1","340x240":"\/media\/340x240\/Photosite\/PGC\/BOISSONS\/3245414678750_PHOTOSITE_20200804_080909_0.jpg?placeholder=1","280x280":"\/media\/280x280\/Photosite\/PGC\/BOISSONS\/3245414678750_PHOTOSITE_20200804_080909_0.jpg?placeholder=1","195x195":"\/media\/195x195\/Photosite\/PGC\/BOISSONS\/3245414678750_PHOTOSITE_20200804_080909_0.jpg?placeholder=1","150x150":"\/media\/150x150\/Photosite\/PGC\/BOISSONS\/3245414678750_PHOTOSITE_20200804_080909_0.jpg?placeholder=1","43x43":"\/media\/43x43\/Photosite\/PGC\/BOISSONS\/3245414678750_PHOTOSITE_20200804_080909_0.jpg?placeholder=1"}],"promotion":null,"isDonation":false,"highlightLabel":null,"seller":null,"sellerId":null,"marketplace":null,"freshness":null,"traceability":null,"flags":["flag.common.glutenfree"],"clubs":[],"packaging":"la bouteille de 75cL","origin":"","format":"75cL"},"relationships":{"substitution":null},"meta":{"recommendation":null,"cta":"buy","features":{"shoppingList":true,"deletable":false,"swap":false,"feedback":false,"freshness":true}},"links":{"self":"\/p\/vin-blanc-bourgogne-bourgogne-aligote-aligote-la-cave-d-augustin-florent-3245414678750?t=27074"}},{"type":"product","id":"product-3211200019755","attributes":{"ean":"3211200019755","cdbase":"6488351","title":"Vin blanc aromatique bio MONTMIREL","brand":"MONTMIREL","slug":"vin-blanc-aromatique-bio-montmirel","availability":{"indispensable":false,"purchasable":true,"stopped":false,"suspended":false,"suspensionReason":null,"checkable":false,"currentStoreOffer":null},"price":{"price":13.9,"unitOfMeasure":"Litre","perUnitLabel":"4.63 \u20ac \/ Litre","taxMessage":"","perUnit":4.6299999999999999},"ordering":{"min":1,"step":1,"max":6},"offerServiceId":"0261-150-6","uri":"boissons\/cave-a-vins\/vins-etrangers","categories":[{"id":"1838","code":"R02","slug":"bio-et-ecologie","label":"Bio et Ecologie","uri":"bio-et-ecologie","type":"RAYON","level":1,"sellerId":null},{"id":"1865","code":"R02F07","slug":"boissons","label":"Boissons","uri":"bio-et-ecologie\/boissons","type":"RAYON","level":2,"sellerId":null},{"id":"1869","code":"R02F07SF01","slug":"vins-cidres-et-bieres","label":"Vins, Cidres et Bi\u00e8res","uri":"bio-et-ecologie\/boissons\/vins-cidres-et-bieres","type":"RAYON","level":3,"sellerId":null}],"topCategoryName":"Bio et Ecologie","images":[{"largest":"\/media\/1500x1500\/Photosite\/PGC\/BOISSONS\/3211200019755_PHOTOSITE_20200407_063355_0.jpg?placeholder=1","1500x1500":"\/media\/1500x1500\/Photosite\/PGC\/BOISSONS\/3211200019755_PHOTOSITE_20200407_063355_0.jpg?placeholder=1","540x540":"\/media\/540x540\/Photosite\/PGC\/BOISSONS\/3211200019755_PHOTOSITE_20200407_063355_0.jpg?placeholder=1","380x380":"\/media\/380x380\/Photosite\/PGC\/BOISSONS\/3211200019755_PHOTOSITE_20200407_063355_0.jpg?placeholder=1","340x340":"\/media\/340x340\/Photosite\/PGC\/BOISSONS\/3211200019755_PHOTOSITE_20200407_063355_0.jpg?placeholder=1","340x240":"\/media\/340x240\/Photosite\/PGC\/BOISSONS\/3211200019755_PHOTOSITE_20200407_063355_0.jpg?placeholder=1","280x280":"\/media\/280x280\/Photosite\/PGC\/BOISSONS\/3211200019755_PHOTOSITE_20200407_063355_0.jpg?placeholder=1","195x195":"\/media\/195x195\/Photosite\/PGC\/BOISSONS\/3211200019755_PHOTOSITE_20200407_063355_0.jpg?placeholder=1","150x150":"\/media\/150x150\/Photosite\/PGC\/BOISSONS\/3211200019755_PHOTOSITE_20200407_063355_0.jpg?placeholder=1","43x43":"\/media\/43x43\/Photosite\/PGC\/BOISSONS\/3211200019755_PHOTOSITE_20200407_063355_0.jpg?placeholder=1"}],"promotion":null,"isDonation":false,"highlightLabel":null,"seller":null,"sellerId":null,"marketplace":null,"freshness":null,"traceability":null,"flags":["flag.common.organic"],"clubs":[],"packaging":"la fontaine de 3L","origin":"","format":"3L"},"relationships":{"substitution":null},"meta":{"recommendation":null,"cta":"buy","features":{"shoppingList":true,"deletable":false,"swap":false,"feedback":false,"freshness":true}},"links":{"self":"\/p\/vin-blanc-aromatique-bio-montmirel-3211200019755?t=27074"}},{"type":"product","id":"product-3660989187153","attributes":{"ean":"3660989187153","cdbase":"6156844","title":"Vin ros\u00e9 Cinsault et Grenache LA FRANCETTE","brand":"LA FRANCETTE","slug":"vin-rose-cinsault-et-grenache-la-francette","availability":{"indispensable":false,"purchasable":true,"stopped":false,"suspended":false,"suspensionReason":null,"checkable":false,"currentStoreOffer":null},"price":{"price":9.9499999999999993,"unitOfMeasure":"Litre","perUnitLabel":"1.99 \u20ac \/ Litre","taxMessage":"","perUnit":1.99},"ordering":{"min":1,"step":1,"max":20},"offerServiceId":"0261-150-6","uri":"boissons\/cave-a-vins\/fontaines-vins","categories":[{"id":"27070","code":"R10","slug":"boissons","label":"Boissons","uri":"boissons","type":"RAYON","level":1,"sellerId":null},{"id":"27074","code":"R10F02","slug":"cave-a-vins","label":"Cave \u00e0 vins","uri":"boissons\/cave-a-vins","type":"RAYON","level":2,"sellerId":null},{"id":"27140","code":"R10F02SF05","slug":"fontaines-vins","label":"Fontaines \u00e0 vins","uri":"boissons\/cave-a-vins\/fontaines-vins","type":"RAYON","level":3,"sellerId":null}],"topCategoryName":"Boissons","images":[{"largest":"\/media\/1500x1500\/Photosite\/PGC\/BOISSONS\/3660989187153_PHOTOSITE_20180814_161442_0.jpg?placeholder=1","1500x1500":"\/media\/1500x1500\/Photosite\/PGC\/BOISSONS\/3660989187153_PHOTOSITE_20180814_161442_0.jpg?placeholder=1","540x540":"\/media\/540x540\/Photosite\/PGC\/BOISSONS\/3660989187153_PHOTOSITE_20180814_161442_0.jpg?placeholder=1","380x380":"\/media\/380x380\/Photosite\/PGC\/BOISSONS\/3660989187153_PHOTOSITE_20180814_161442_0.jpg?placeholder=1","340x340":"\/media\/340x340\/Photosite\/PGC\/BOISSONS\/3660989187153_PHOTOSITE_20180814_161442_0.jpg?placeholder=1","340x240":"\/media\/340x240\/Photosite\/PGC\/BOISSONS\/3660989187153_PHOTOSITE_20180814_161442_0.jpg?placeholder=1","280x280":"\/media\/280x280\/Photosite\/PGC\/BOISSONS\/3660989187153_PHOTOSITE_20180814_161442_0.jpg?placeholder=1","195x195":"\/media\/195x195\/Photosite\/PGC\/BOISSONS\/3660989187153_PHOTOSITE_20180814_161442_0.jpg?placeholder=1","150x150":"\/media\/150x150\/Photosite\/PGC\/BOISSONS\/3660989187153_PHOTOSITE_20180814_161442_0.jpg?placeholder=1","43x43":"\/media\/43x43\/Photosite\/PGC\/BOISSONS\/3660989187153_PHOTOSITE_20180814_161442_0.jpg?placeholder=1"}],"promotion":null,"isDonation":false,"highlightLabel":null,"seller":null,"sellerId":null,"marketplace":null,"freshness":null,"traceability":null,"flags":[],"clubs":[],"packaging":"la fontaine de 5L","origin":"","format":"5L"},"relationships":{"substitution":null},"meta":{"recommendation":null,"cta":"buy","features":{"shoppingList":true,"deletable":false,"swap":false,"feedback":false,"freshness":true}},"links":{"self":"\/p\/vin-rose-cinsault-et-grenache-la-francette-3660989187153?t=27074"}},{"type":"product","id":"product-3211203420091","attributes":{"ean":"3211203420091","cdbase":"2999153","title":"Vin ros\u00e9 Cinsault Syrah Pays d'Oc  LES ORMES DE CAMBRAS ","brand":"REFS.SANS MARQUE","slug":"vin-rose-cinsault-syrah-pays-d-oc-les-ormes-de-cambras","availability":{"indispensable":false,"purchasable":true,"stopped":false,"suspended":false,"suspensionReason":null,"checkable":false,"currentStoreOffer":null},"price":{"price":2.8500000000000001,"unitOfMeasure":"Litre","perUnitLabel":"3.80 \u20ac \/ Litre","taxMessage":"","perUnit":3.7999999999999998},"ordering":{"min":1,"step":1,"max":36},"offerServiceId":"0261-150-6","uri":"boissons\/cave-a-vins\/vins-roses\/vins-de-pays-vins-de-table-rose","categories":[{"id":"27070","code":"R10","slug":"boissons","label":"Boissons","uri":"boissons","type":"RAYON","level":1,"sellerId":null},{"id":"27074","code":"R10F02","slug":"cave-a-vins","label":"Cave \u00e0 vins","uri":"boissons\/cave-a-vins","type":"RAYON","level":2,"sellerId":null},{"id":"27107","code":"R10F02SF03","slug":"vins-roses","label":"Vins ros\u00e9s","uri":"boissons\/cave-a-vins\/vins-roses","type":"RAYON","level":3,"sellerId":null},{"id":"27165","code":"R10F02SF03SS06","slug":"vins-de-pays-vins-de-table-rose","label":"Vins de pays et Vins de table ros\u00e9","uri":"boissons\/cave-a-vins\/vins-roses\/vins-de-pays-vins-de-table-rose","type":"RAYON","level":4,"sellerId":null}],"topCategoryName":"Boissons","images":[{"largest":"\/media\/1500x1500\/Photosite\/PGC\/BOISSONS\/3211203420091_PHOTOSITE_20201228_180625_0.jpg?placeholder=1","1500x1500":"\/media\/1500x1500\/Photosite\/PGC\/BOISSONS\/3211203420091_PHOTOSITE_20201228_180625_0.jpg?placeholder=1","540x540":"\/media\/540x540\/Photosite\/PGC\/BOISSONS\/3211203420091_PHOTOSITE_20201228_180625_0.jpg?placeholder=1","380x380":"\/media\/380x380\/Photosite\/PGC\/BOISSONS\/3211203420091_PHOTOSITE_20201228_180625_0.jpg?placeholder=1","340x340":"\/media\/340x340\/Photosite\/PGC\/BOISSONS\/3211203420091_PHOTOSITE_20201228_180625_0.jpg?placeholder=1","340x240":"\/media\/340x240\/Photosite\/PGC\/BOISSONS\/3211203420091_PHOTOSITE_20201228_180625_0.jpg?placeholder=1","280x280":"\/media\/280x280\/Photosite\/PGC\/BOISSONS\/3211203420091_PHOTOSITE_20201228_180625_0.jpg?placeholder=1","195x195":"\/media\/195x195\/Photosite\/PGC\/BOISSONS\/3211203420091_PHOTOSITE_20201228_180625_0.jpg?placeholder=1","150x150":"\/media\/150x150\/Photosite\/PGC\/BOISSONS\/3211203420091_PHOTOSITE_20201228_180625_0.jpg?placeholder=1","43x43":"\/media\/43x43\/Photosite\/PGC\/BOISSONS\/3211203420091_PHOTOSITE_20201228_180625_0.jpg?placeholder=1"}],"promotion":null,"isDonation":false,"highlightLabel":null,"seller":null,"sellerId":null,"marketplace":null,"freshness":null,"traceability":null,"flags":["flag.common.igp"],"clubs":[],"packaging":"la bouteille de 75cl","origin":"","format":"75cL"},"relationships":{"substitution":null},"meta":{"recommendation":null,"cta":"buy","features":{"shoppingList":true,"deletable":false,"swap":false,"feedback":false,"freshness":true}},"links":{"self":"\/p\/vin-rose-cinsault-syrah-pays-d-oc-les-ormes-de-cambras-3211203420091?t=27074"}},{"type":"product","id":"product-3245414171664","attributes":{"ean":"3245414171664","cdbase":"3503843","title":"Vin Rouge Languedoc Roussillon Corbi\u00e8res Syrah - Grenache LA CAVE D'AUGUSTIN FLORENT","brand":"CAVE AUGUSTIN FLOREN","slug":"vin-rouge-languedoc-roussillon-corbieres-syrah-grenache-la-cave-d-augustin-florent","availability":{"indispensable":false,"purchasable":true,"stopped":false,"suspended":false,"suspensionReason":null,"checkable":false,"currentStoreOffer":null},"price":{"price":8.8000000000000007,"unitOfMeasure":"Litre","perUnitLabel":"2.93 \u20ac \/ Litre","taxMessage":"","perUnit":2.9300000000000002},"ordering":{"min":1,"step":1,"max":36},"offerServiceId":"0261-150-6","uri":"boissons\/cave-a-vins\/fontaines-vins","categories":[{"id":"27070","code":"R10","slug":"boissons","label":"Boissons","uri":"boissons","type":"RAYON","level":1,"sellerId":null},{"id":"27074","code":"R10F02","slug":"cave-a-vins","label":"Cave \u00e0 vins","uri":"boissons\/cave-a-vins","type":"RAYON","level":2,"sellerId":null},{"id":"27140","code":"R10F02SF05","slug":"fontaines-vins","label":"Fontaines \u00e0 vins","uri":"boissons\/cave-a-vins\/fontaines-vins","type":"RAYON","level":3,"sellerId":null}],"topCategoryName":"Boissons","images":[{"largest":"\/media\/1500x1500\/Photosite\/PGC\/BOISSONS\/3245414171664_PHOTOSITE_20200213_171626_0.jpg?placeholder=1","1500x1500":"\/media\/1500x1500\/Photosite\/PGC\/BOISSONS\/3245414171664_PHOTOSITE_20200213_171626_0.jpg?placeholder=1","540x540":"\/media\/540x540\/Photosite\/PGC\/BOISSONS\/3245414171664_PHOTOSITE_20200213_171626_0.jpg?placeholder=1","380x380":"\/media\/380x380\/Photosite\/PGC\/BOISSONS\/3245414171664_PHOTOSITE_20200213_171626_0.jpg?placeholder=1","340x340":"\/media\/340x340\/Photosite\/PGC\/BOISSONS\/3245414171664_PHOTOSITE_20200213_171626_0.jpg?placeholder=1","340x240":"\/media\/340x240\/Photosite\/PGC\/BOISSONS\/3245414171664_PHOTOSITE_20200213_171626_0.jpg?placeholder=1","280x280":"\/media\/280x280\/Photosite\/PGC\/BOISSONS\/3245414171664_PHOTOSITE_20200213_171626_0.jpg?placeholder=1","195x195":"\/media\/195x195\/Photosite\/PGC\/BOISSONS\/3245414171664_PHOTOSITE_20200213_171626_0.jpg?placeholder=1","150x150":"\/media\/150x150\/Photosite\/PGC\/BOISSONS\/3245414171664_PHOTOSITE_20200213_171626_0.jpg?placeholder=1","43x43":"\/media\/43x43\/Photosite\/PGC\/BOISSONS\/3245414171664_PHOTOSITE_20200213_171626_0.jpg?placeholder=1"}],"promotion":null,"isDonation":false,"highlightLabel":null,"seller":null,"sellerId":null,"marketplace":null,"freshness":null,"traceability":null,"flags":[],"clubs":[],"packaging":"la fontaine de 3L","origin":"","format":"3L"},"relationships":{"substitution":null},"meta":{"recommendation":null,"cta":"buy","features":{"shoppingList":true,"deletable":false,"swap":false,"feedback":false,"freshness":true}},"links":{"self":"\/p\/vin-rouge-languedoc-roussillon-corbieres-syrah-grenache-la-cave-d-augustin-florent-3245414171664?t=27074"}},{"type":"product","id":"product-3245414134980","attributes":{"ean":"3245414134980","cdbase":"3490624","title":"Vin rouge Fitou  CAVE AUGUSTIN FLORENT ","brand":"CAVE AUGUSTIN FLOREN","slug":"vin-rouge-fitou-cave-augustin-florent","availability":{"indispensable":false,"purchasable":true,"stopped":false,"suspended":false,"suspensionReason":null,"checkable":false,"currentStoreOffer":null},"price":{"price":4.0999999999999996,"unitOfMeasure":"Litre","perUnitLabel":"5.47 \u20ac \/ Litre","taxMessage":"","perUnit":5.4699999999999998},"ordering":{"min":1,"step":1,"max":36},"offerServiceId":"0261-150-6","uri":"boissons\/cave-a-vins\/vins-rouges\/languedoc-roussillon","categories":[{"id":"27070","code":"R10","slug":"boissons","label":"Boissons","uri":"boissons","type":"RAYON","level":1,"sellerId":null},{"id":"27074","code":"R10F02","slug":"cave-a-vins","label":"Cave \u00e0 vins","uri":"boissons\/cave-a-vins","type":"RAYON","level":2,"sellerId":null},{"id":"27105","code":"R10F02SF01","slug":"vins-rouges","label":"Vins rouges","uri":"boissons\/cave-a-vins\/vins-rouges","type":"RAYON","level":3,"sellerId":null},{"id":"27143","code":"R10F02SF01SS03","slug":"languedoc-roussillon","label":"Languedoc-Roussillon","uri":"boissons\/cave-a-vins\/vins-rouges\/languedoc-roussillon","type":"RAYON","level":4,"sellerId":null}],"topCategoryName":"Boissons","images":[{"largest":"\/media\/1500x1500\/Photosite\/PGC\/BOISSONS\/3245414134980_PHOTOSITE_20180320_162739_0.jpg?placeholder=1","1500x1500":"\/media\/1500x1500\/Photosite\/PGC\/BOISSONS\/3245414134980_PHOTOSITE_20180320_162739_0.jpg?placeholder=1","540x540":"\/media\/540x540\/Photosite\/PGC\/BOISSONS\/3245414134980_PHOTOSITE_20180320_162739_0.jpg?placeholder=1","380x380":"\/media\/380x380\/Photosite\/PGC\/BOISSONS\/3245414134980_PHOTOSITE_20180320_162739_0.jpg?placeholder=1","340x340":"\/media\/340x340\/Photosite\/PGC\/BOISSONS\/3245414134980_PHOTOSITE_20180320_162739_0.jpg?placeholder=1","340x240":"\/media\/340x240\/Photosite\/PGC\/BOISSONS\/3245414134980_PHOTOSITE_20180320_162739_0.jpg?placeholder=1","280x280":"\/media\/280x280\/Photosite\/PGC\/BOISSONS\/3245414134980_PHOTOSITE_20180320_162739_0.jpg?placeholder=1","195x195":"\/media\/195x195\/Photosite\/PGC\/BOISSONS\/3245414134980_PHOTOSITE_20180320_162739_0.jpg?placeholder=1","150x150":"\/media\/150x150\/Photosite\/PGC\/BOISSONS\/3245414134980_PHOTOSITE_20180320_162739_0.jpg?placeholder=1","43x43":"\/media\/43x43\/Photosite\/PGC\/BOISSONS\/3245414134980_PHOTOSITE_20180320_162739_0.jpg?placeholder=1"},{"largest":"\/media\/1500x1500\/Photosite\/PGC\/BOISSONS\/3245414134980_PHOTOSITE_20180320_162739_7.jpg?placeholder=1","1500x1500":"\/media\/1500x1500\/Photosite\/PGC\/BOISSONS\/3245414134980_PHOTOSITE_20180320_162739_7.jpg?placeholder=1","540x540":"\/media\/540x540\/Photosite\/PGC\/BOISSONS\/3245414134980_PHOTOSITE_20180320_162739_7.jpg?placeholder=1","380x380":"\/media\/380x380\/Photosite\/PGC\/BOISSONS\/3245414134980_PHOTOSITE_20180320_162739_7.jpg?placeholder=1","340x340":"\/media\/340x340\/Photosite\/PGC\/BOISSONS\/3245414134980_PHOTOSITE_20180320_162739_7.jpg?placeholder=1","340x240":"\/media\/340x240\/Photosite\/PGC\/BOISSONS\/3245414134980_PHOTOSITE_20180320_162739_7.jpg?placeholder=1","280x280":"\/media\/280x280\/Photosite\/PGC\/BOISSONS\/3245414134980_PHOTOSITE_20180320_162739_7.jpg?placeholder=1","195x195":"\/media\/195x195\/Photosite\/PGC\/BOISSONS\/3245414134980_PHOTOSITE_20180320_162739_7.jpg?placeholder=1","150x150":"\/media\/150x150\/Photosite\/PGC\/BOISSONS\/3245414134980_PHOTOSITE_20180320_162739_7.jpg?placeholder=1","43x43":"\/media\/43x43\/Photosite\/PGC\/BOISSONS\/3245414134980_PHOTOSITE_20180320_162739_7.jpg?placeholder=1"}],"promotion":null,"isDonation":false,"highlightLabel":null,"seller":null,"sellerId":null,"marketplace":null,"freshness":null,"traceability":null,"flags":[],"clubs":[],"packaging":"la bouteille de 75cL","origin":"","format":"75cL"},"relationships":{"substitution":null},"meta":{"recommendation":null,"cta":"buy","features":{"shoppingList":true,"deletable":false,"swap":false,"feedback":false,"freshness":true}},"links":{"self":"\/p\/vin-rouge-fitou-cave-augustin-florent-3245414134980?t=27074"}},{"type":"product","id":"product-3249389004002","attributes":{"ean":"3249389004002","cdbase":"621215","title":"Vin ros\u00e9 sans alcool BONNE NOUVELLE","brand":null,"slug":"vin-rose-sans-alcool-bonne-nouvelle","availability":{"indispensable":false,"purchasable":true,"stopped":false,"suspended":false,"suspensionReason":null,"checkable":false,"currentStoreOffer":null},"price":{"price":2.8999999999999999,"unitOfMeasure":"Litre","perUnitLabel":"3.87 \u20ac \/ Litre","taxMessage":"","perUnit":3.8700000000000001},"ordering":{"min":1,"step":1,"max":36},"offerServiceId":"0261-150-6","uri":"boissons\/cave-a-vins\/vins-roses\/vins-de-pays-vins-de-table-rose","categories":[{"id":"27070","code":"R10","slug":"boissons","label":"Boissons","uri":"boissons","type":"RAYON","level":1,"sellerId":null},{"id":"27074","code":"R10F02","slug":"cave-a-vins","label":"Cave \u00e0 vins","uri":"boissons\/cave-a-vins","type":"RAYON","level":2,"sellerId":null},{"id":"27107","code":"R10F02SF03","slug":"vins-roses","label":"Vins ros\u00e9s","uri":"boissons\/cave-a-vins\/vins-roses","type":"RAYON","level":3,"sellerId":null},{"id":"27165","code":"R10F02SF03SS06","slug":"vins-de-pays-vins-de-table-rose","label":"Vins de pays et Vins de table ros\u00e9","uri":"boissons\/cave-a-vins\/vins-roses\/vins-de-pays-vins-de-table-rose","type":"RAYON","level":4,"sellerId":null}],"topCategoryName":"Boissons","images":[{"largest":"\/media\/1500x1500\/Photosite\/PGC\/BOISSONS\/3249389004002_PHOTOSITE_20161217_080946_0.jpg?placeholder=1","1500x1500":"\/media\/1500x1500\/Photosite\/PGC\/BOISSONS\/3249389004002_PHOTOSITE_20161217_080946_0.jpg?placeholder=1","540x540":"\/media\/540x540\/Photosite\/PGC\/BOISSONS\/3249389004002_PHOTOSITE_20161217_080946_0.jpg?placeholder=1","380x380":"\/media\/380x380\/Photosite\/PGC\/BOISSONS\/3249389004002_PHOTOSITE_20161217_080946_0.jpg?placeholder=1","340x340":"\/media\/340x340\/Photosite\/PGC\/BOISSONS\/3249389004002_PHOTOSITE_20161217_080946_0.jpg?placeholder=1","340x240":"\/media\/340x240\/Photosite\/PGC\/BOISSONS\/3249389004002_PHOTOSITE_20161217_080946_0.jpg?placeholder=1","280x280":"\/media\/280x280\/Photosite\/PGC\/BOISSONS\/3249389004002_PHOTOSITE_20161217_080946_0.jpg?placeholder=1","195x195":"\/media\/195x195\/Photosite\/PGC\/BOISSONS\/3249389004002_PHOTOSITE_20161217_080946_0.jpg?placeholder=1","150x150":"\/media\/150x150\/Photosite\/PGC\/BOISSONS\/3249389004002_PHOTOSITE_20161217_080946_0.jpg?placeholder=1","43x43":"\/media\/43x43\/Photosite\/PGC\/BOISSONS\/3249389004002_PHOTOSITE_20161217_080946_0.jpg?placeholder=1"},{"largest":"\/media\/1500x1500\/Photosite\/PGC\/BOISSONS\/3249389004002_PHOTOSITE_20161217_080946_7.jpg?placeholder=1","1500x1500":"\/media\/1500x1500\/Photosite\/PGC\/BOISSONS\/3249389004002_PHOTOSITE_20161217_080946_7.jpg?placeholder=1","540x540":"\/media\/540x540\/Photosite\/PGC\/BOISSONS\/3249389004002_PHOTOSITE_20161217_080946_7.jpg?placeholder=1","380x380":"\/media\/380x380\/Photosite\/PGC\/BOISSONS\/3249389004002_PHOTOSITE_20161217_080946_7.jpg?placeholder=1","340x340":"\/media\/340x340\/Photosite\/PGC\/BOISSONS\/3249389004002_PHOTOSITE_20161217_080946_7.jpg?placeholder=1","340x240":"\/media\/340x240\/Photosite\/PGC\/BOISSONS\/3249389004002_PHOTOSITE_20161217_080946_7.jpg?placeholder=1","280x280":"\/media\/280x280\/Photosite\/PGC\/BOISSONS\/3249389004002_PHOTOSITE_20161217_080946_7.jpg?placeholder=1","195x195":"\/media\/195x195\/Photosite\/PGC\/BOISSONS\/3249389004002_PHOTOSITE_20161217_080946_7.jpg?placeholder=1","150x150":"\/media\/150x150\/Photosite\/PGC\/BOISSONS\/3249389004002_PHOTOSITE_20161217_080946_7.jpg?placeholder=1","43x43":"\/media\/43x43\/Photosite\/PGC\/BOISSONS\/3249389004002_PHOTOSITE_20161217_080946_7.jpg?placeholder=1"}],"promotion":null,"isDonation":false,"highlightLabel":null,"seller":null,"sellerId":null,"marketplace":null,"freshness":null,"traceability":null,"flags":[],"clubs":[],"packaging":"la bouteille de 75cL","origin":"","format":"75cL"},"relationships":{"substitution":null},"meta":{"recommendation":null,"cta":"buy","features":{"shoppingList":true,"deletable":false,"swap":false,"feedback":false,"freshness":true}},"links":{"self":"\/p\/vin-rose-sans-alcool-bonne-nouvelle-3249389004002?t=27074"}},{"type":"product","id":"product-3700689906552","attributes":{"ean":"3700689906552","cdbase":"6506692","title":"Vin Rouge Vall\u00e9e du Rh\u00f4ne C\u00f4tes du Rh\u00f4ne Grenache Noir -  Syrah - Carignan Bio DAUVERGNE RANVIER \"VIN GOURMAND\"","brand":"REFS.SANS MARQUE","slug":"vin-rouge-vallee-du-rhone-cotes-du-rhone-grenache-noir-syrah-carignan-bio-dauvergne-ranvier-vin-gour","availability":{"indispensable":false,"purchasable":true,"stopped":false,"suspended":false,"suspensionReason":null,"checkable":false,"currentStoreOffer":null},"price":{"price":5.5,"unitOfMeasure":"Litre","perUnitLabel":"7.33 \u20ac \/ Litre","taxMessage":"","perUnit":7.3300000000000001},"ordering":{"min":1,"step":1,"max":36},"offerServiceId":"0261-150-6","uri":"boissons\/cave-a-vins\/vins-rouges\/vallee-du-rhone","categories":[{"id":"1838","code":"R02","slug":"bio-et-ecologie","label":"Bio et Ecologie","uri":"bio-et-ecologie","type":"RAYON","level":1,"sellerId":null},{"id":"1865","code":"R02F07","slug":"boissons","label":"Boissons","uri":"bio-et-ecologie\/boissons","type":"RAYON","level":2,"sellerId":null},{"id":"1869","code":"R02F07SF01","slug":"vins-cidres-et-bieres","label":"Vins, Cidres et Bi\u00e8res","uri":"bio-et-ecologie\/boissons\/vins-cidres-et-bieres","type":"RAYON","level":3,"sellerId":null}],"topCategoryName":"Bio et Ecologie","images":[{"largest":"\/media\/1500x1500\/Photosite\/PGC\/BOISSONS\/3700689906552_PHOTOSITE_20200213_171126_0.jpg?placeholder=1","1500x1500":"\/media\/1500x1500\/Photosite\/PGC\/BOISSONS\/3700689906552_PHOTOSITE_20200213_171126_0.jpg?placeholder=1","540x540":"\/media\/540x540\/Photosite\/PGC\/BOISSONS\/3700689906552_PHOTOSITE_20200213_171126_0.jpg?placeholder=1","380x380":"\/media\/380x380\/Photosite\/PGC\/BOISSONS\/3700689906552_PHOTOSITE_20200213_171126_0.jpg?placeholder=1","340x340":"\/media\/340x340\/Photosite\/PGC\/BOISSONS\/3700689906552_PHOTOSITE_20200213_171126_0.jpg?placeholder=1","340x240":"\/media\/340x240\/Photosite\/PGC\/BOISSONS\/3700689906552_PHOTOSITE_20200213_171126_0.jpg?placeholder=1","280x280":"\/media\/280x280\/Photosite\/PGC\/BOISSONS\/3700689906552_PHOTOSITE_20200213_171126_0.jpg?placeholder=1","195x195":"\/media\/195x195\/Photosite\/PGC\/BOISSONS\/3700689906552_PHOTOSITE_20200213_171126_0.jpg?placeholder=1","150x150":"\/media\/150x150\/Photosite\/PGC\/BOISSONS\/3700689906552_PHOTOSITE_20200213_171126_0.jpg?placeholder=1","43x43":"\/media\/43x43\/Photosite\/PGC\/BOISSONS\/3700689906552_PHOTOSITE_20200213_171126_0.jpg?placeholder=1"}],"promotion":null,"isDonation":false,"highlightLabel":null,"seller":null,"sellerId":null,"marketplace":null,"freshness":null,"traceability":null,"flags":["flag.common.organic"],"clubs":[],"packaging":"la bouteille de 75cL","origin":"","format":"75cL"},"relationships":{"substitution":null},"meta":{"recommendation":null,"cta":"buy","features":{"shoppingList":true,"deletable":false,"swap":false,"feedback":false,"freshness":true}},"links":{"self":"\/p\/vin-rouge-vallee-du-rhone-cotes-du-rhone-grenache-noir-syrah-carignan-bio-dauvergne-ranvier-vin-gour-3700689906552?t=27074"}},{"type":"product","id":"product-3560070571635","attributes":{"ean":"3560070571635","cdbase":"4339389","title":"Vin rouge Bourgogne Grand Ordinaire LA CROIX CARILLAN","brand":"PPP","slug":"vin-rouge-bourgogne-grand-ordinaire-la-croix-carillan","availability":{"indispensable":false,"purchasable":true,"stopped":false,"suspended":false,"suspensionReason":null,"checkable":false,"currentStoreOffer":null},"price":{"price":2.9900000000000002,"unitOfMeasure":"Litre","perUnitLabel":"3.99 \u20ac \/ Litre","taxMessage":"","perUnit":3.9900000000000002},"ordering":{"min":1,"step":1,"max":36},"offerServiceId":"0261-150-6","uri":"boissons\/cave-a-vins\/vins-rouges\/bourgogne","categories":[{"id":"27070","code":"R10","slug":"boissons","label":"Boissons","uri":"boissons","type":"RAYON","level":1,"sellerId":null},{"id":"27074","code":"R10F02","slug":"cave-a-vins","label":"Cave \u00e0 vins","uri":"boissons\/cave-a-vins","type":"RAYON","level":2,"sellerId":null},{"id":"27105","code":"R10F02SF01","slug":"vins-rouges","label":"Vins rouges","uri":"boissons\/cave-a-vins\/vins-rouges","type":"RAYON","level":3,"sellerId":null},{"id":"27144","code":"R10F02SF01SS04","slug":"bourgogne","label":"Bourgogne","uri":"boissons\/cave-a-vins\/vins-rouges\/bourgogne","type":"RAYON","level":4,"sellerId":null}],"topCategoryName":"Boissons","images":[{"largest":"\/media\/1500x1500\/Photosite\/PGC\/BOISSONS\/3560070571635_PHOTOSITE_20140327_171634_0.jpg?placeholder=1","1500x1500":"\/media\/1500x1500\/Photosite\/PGC\/BOISSONS\/3560070571635_PHOTOSITE_20140327_171634_0.jpg?placeholder=1","540x540":"\/media\/540x540\/Photosite\/PGC\/BOISSONS\/3560070571635_PHOTOSITE_20140327_171634_0.jpg?placeholder=1","380x380":"\/media\/380x380\/Photosite\/PGC\/BOISSONS\/3560070571635_PHOTOSITE_20140327_171634_0.jpg?placeholder=1","340x340":"\/media\/340x340\/Photosite\/PGC\/BOISSONS\/3560070571635_PHOTOSITE_20140327_171634_0.jpg?placeholder=1","340x240":"\/media\/340x240\/Photosite\/PGC\/BOISSONS\/3560070571635_PHOTOSITE_20140327_171634_0.jpg?placeholder=1","280x280":"\/media\/280x280\/Photosite\/PGC\/BOISSONS\/3560070571635_PHOTOSITE_20140327_171634_0.jpg?placeholder=1","195x195":"\/media\/195x195\/Photosite\/PGC\/BOISSONS\/3560070571635_PHOTOSITE_20140327_171634_0.jpg?placeholder=1","150x150":"\/media\/150x150\/Photosite\/PGC\/BOISSONS\/3560070571635_PHOTOSITE_20140327_171634_0.jpg?placeholder=1","43x43":"\/media\/43x43\/Photosite\/PGC\/BOISSONS\/3560070571635_PHOTOSITE_20140327_171634_0.jpg?placeholder=1"},{"largest":"\/media\/1500x1500\/Photosite\/PGC\/BOISSONS\/3560070571635_PHOTOSITE_20140327_171634_7.jpg?placeholder=1","1500x1500":"\/media\/1500x1500\/Photosite\/PGC\/BOISSONS\/3560070571635_PHOTOSITE_20140327_171634_7.jpg?placeholder=1","540x540":"\/media\/540x540\/Photosite\/PGC\/BOISSONS\/3560070571635_PHOTOSITE_20140327_171634_7.jpg?placeholder=1","380x380":"\/media\/380x380\/Photosite\/PGC\/BOISSONS\/3560070571635_PHOTOSITE_20140327_171634_7.jpg?placeholder=1","340x340":"\/media\/340x340\/Photosite\/PGC\/BOISSONS\/3560070571635_PHOTOSITE_20140327_171634_7.jpg?placeholder=1","340x240":"\/media\/340x240\/Photosite\/PGC\/BOISSONS\/3560070571635_PHOTOSITE_20140327_171634_7.jpg?placeholder=1","280x280":"\/media\/280x280\/Photosite\/PGC\/BOISSONS\/3560070571635_PHOTOSITE_20140327_171634_7.jpg?placeholder=1","195x195":"\/media\/195x195\/Photosite\/PGC\/BOISSONS\/3560070571635_PHOTOSITE_20140327_171634_7.jpg?placeholder=1","150x150":"\/media\/150x150\/Photosite\/PGC\/BOISSONS\/3560070571635_PHOTOSITE_20140327_171634_7.jpg?placeholder=1","43x43":"\/media\/43x43\/Photosite\/PGC\/BOISSONS\/3560070571635_PHOTOSITE_20140327_171634_7.jpg?placeholder=1"}],"promotion":null,"isDonation":false,"highlightLabel":null,"seller":null,"sellerId":null,"marketplace":null,"freshness":null,"traceability":null,"flags":[],"clubs":[],"packaging":"la bouteille de 75cL","origin":"","format":"75cL"},"relationships":{"substitution":null},"meta":{"recommendation":null,"cta":"buy","features":{"shoppingList":true,"deletable":false,"swap":false,"feedback":false,"freshness":true}},"links":{"self":"\/p\/vin-rouge-bourgogne-grand-ordinaire-la-croix-carillan-3560070571635?t=27074"}},{"type":"product","id":"product-3234783143433","attributes":{"ean":"3234783143433","cdbase":"2826956","title":"Vin Rouge Vall\u00e9e du Rh\u00f4ne Crozes Hermitage Syrah LES 3 LYS","brand":"REFS.SANS MARQUE","slug":"vin-rouge-vallee-du-rhone-crozes-hermitage-syrah-les-3-lys","availability":{"indispensable":false,"purchasable":true,"stopped":false,"suspended":false,"suspensionReason":null,"checkable":false,"currentStoreOffer":null},"price":{"price":7.9500000000000002,"unitOfMeasure":"Litre","perUnitLabel":"10.60 \u20ac \/ Litre","taxMessage":"","perUnit":10.6},"ordering":{"min":1,"step":1,"max":36},"offerServiceId":"0261-150-6","uri":"boissons\/cave-a-vins\/vins-rouges\/vallee-du-rhone","categories":[{"id":"27070","code":"R10","slug":"boissons","label":"Boissons","uri":"boissons","type":"RAYON","level":1,"sellerId":null},{"id":"27074","code":"R10F02","slug":"cave-a-vins","label":"Cave \u00e0 vins","uri":"boissons\/cave-a-vins","type":"RAYON","level":2,"sellerId":null},{"id":"27105","code":"R10F02SF01","slug":"vins-rouges","label":"Vins rouges","uri":"boissons\/cave-a-vins\/vins-rouges","type":"RAYON","level":3,"sellerId":null},{"id":"27142","code":"R10F02SF01SS02","slug":"vallee-du-rhone","label":"Vall\u00e9e du Rh\u00f4ne","uri":"boissons\/cave-a-vins\/vins-rouges\/vallee-du-rhone","type":"RAYON","level":4,"sellerId":null}],"topCategoryName":"Boissons","images":[{"largest":"\/media\/1500x1500\/Photosite\/PGC\/BOISSONS\/3234783143433_PHOTOSITE_20200922_051401_0.jpg?placeholder=1","1500x1500":"\/media\/1500x1500\/Photosite\/PGC\/BOISSONS\/3234783143433_PHOTOSITE_20200922_051401_0.jpg?placeholder=1","540x540":"\/media\/540x540\/Photosite\/PGC\/BOISSONS\/3234783143433_PHOTOSITE_20200922_051401_0.jpg?placeholder=1","380x380":"\/media\/380x380\/Photosite\/PGC\/BOISSONS\/3234783143433_PHOTOSITE_20200922_051401_0.jpg?placeholder=1","340x340":"\/media\/340x340\/Photosite\/PGC\/BOISSONS\/3234783143433_PHOTOSITE_20200922_051401_0.jpg?placeholder=1","340x240":"\/media\/340x240\/Photosite\/PGC\/BOISSONS\/3234783143433_PHOTOSITE_20200922_051401_0.jpg?placeholder=1","280x280":"\/media\/280x280\/Photosite\/PGC\/BOISSONS\/3234783143433_PHOTOSITE_20200922_051401_0.jpg?placeholder=1","195x195":"\/media\/195x195\/Photosite\/PGC\/BOISSONS\/3234783143433_PHOTOSITE_20200922_051401_0.jpg?placeholder=1","150x150":"\/media\/150x150\/Photosite\/PGC\/BOISSONS\/3234783143433_PHOTOSITE_20200922_051401_0.jpg?placeholder=1","43x43":"\/media\/43x43\/Photosite\/PGC\/BOISSONS\/3234783143433_PHOTOSITE_20200922_051401_0.jpg?placeholder=1"}],"promotion":null,"isDonation":false,"highlightLabel":null,"seller":null,"sellerId":null,"marketplace":null,"freshness":null,"traceability":null,"flags":["flag.common.glutenfree"],"clubs":[],"packaging":"la bouteille de 75cL","origin":"","format":"75cL"},"relationships":{"substitution":null},"meta":{"recommendation":null,"cta":"buy","features":{"shoppingList":true,"deletable":false,"swap":false,"feedback":false,"freshness":true}},"links":{"self":"\/p\/vin-rouge-vallee-du-rhone-crozes-hermitage-syrah-les-3-lys-3234783143433?t=27074"}},{"type":"product","id":"product-3244081500005","attributes":{"ean":"3244081500005","cdbase":"27976","title":"Vin ros\u00e9 I.G.P. Sable de Camargue Grenache- Cinsault - Cabernet LISTEL","brand":"REFS.SANS MARQUE","slug":"vin-rose-i-g-p-sable-de-camargue-grenache-cinsault-cabernet-listel","availability":{"indispensable":false,"purchasable":true,"stopped":false,"suspended":false,"suspensionReason":null,"checkable":false,"currentStoreOffer":null},"price":{"price":2.9900000000000002,"unitOfMeasure":"Litre","perUnitLabel":"3.99 \u20ac \/ Litre","taxMessage":"","perUnit":3.9900000000000002},"ordering":{"min":1,"step":1,"max":36},"offerServiceId":"0261-150-6","uri":"boissons\/cave-a-vins\/vins-roses\/vins-de-pays-vins-de-table-rose","categories":[{"id":"27070","code":"R10","slug":"boissons","label":"Boissons","uri":"boissons","type":"RAYON","level":1,"sellerId":null},{"id":"27074","code":"R10F02","slug":"cave-a-vins","label":"Cave \u00e0 vins","uri":"boissons\/cave-a-vins","type":"RAYON","level":2,"sellerId":null},{"id":"27107","code":"R10F02SF03","slug":"vins-roses","label":"Vins ros\u00e9s","uri":"boissons\/cave-a-vins\/vins-roses","type":"RAYON","level":3,"sellerId":null},{"id":"27165","code":"R10F02SF03SS06","slug":"vins-de-pays-vins-de-table-rose","label":"Vins de pays et Vins de table ros\u00e9","uri":"boissons\/cave-a-vins\/vins-roses\/vins-de-pays-vins-de-table-rose","type":"RAYON","level":4,"sellerId":null}],"topCategoryName":"Boissons","images":[{"largest":"\/media\/1500x1500\/Photosite\/PGC\/BOISSONS\/3244081500005_PHOTOSITE_20201223_053141_0.jpg?placeholder=1","1500x1500":"\/media\/1500x1500\/Photosite\/PGC\/BOISSONS\/3244081500005_PHOTOSITE_20201223_053141_0.jpg?placeholder=1","540x540":"\/media\/540x540\/Photosite\/PGC\/BOISSONS\/3244081500005_PHOTOSITE_20201223_053141_0.jpg?placeholder=1","380x380":"\/media\/380x380\/Photosite\/PGC\/BOISSONS\/3244081500005_PHOTOSITE_20201223_053141_0.jpg?placeholder=1","340x340":"\/media\/340x340\/Photosite\/PGC\/BOISSONS\/3244081500005_PHOTOSITE_20201223_053141_0.jpg?placeholder=1","340x240":"\/media\/340x240\/Photosite\/PGC\/BOISSONS\/3244081500005_PHOTOSITE_20201223_053141_0.jpg?placeholder=1","280x280":"\/media\/280x280\/Photosite\/PGC\/BOISSONS\/3244081500005_PHOTOSITE_20201223_053141_0.jpg?placeholder=1","195x195":"\/media\/195x195\/Photosite\/PGC\/BOISSONS\/3244081500005_PHOTOSITE_20201223_053141_0.jpg?placeholder=1","150x150":"\/media\/150x150\/Photosite\/PGC\/BOISSONS\/3244081500005_PHOTOSITE_20201223_053141_0.jpg?placeholder=1","43x43":"\/media\/43x43\/Photosite\/PGC\/BOISSONS\/3244081500005_PHOTOSITE_20201223_053141_0.jpg?placeholder=1"}],"promotion":null,"isDonation":false,"highlightLabel":null,"seller":null,"sellerId":null,"marketplace":null,"freshness":null,"traceability":null,"flags":[],"clubs":[],"packaging":"la bouteille de 75cL","origin":"","format":"75cL"},"relationships":{"substitution":null},"meta":{"recommendation":null,"cta":"buy","features":{"shoppingList":true,"deletable":false,"swap":false,"feedback":false,"freshness":true}},"links":{"self":"\/p\/vin-rose-i-g-p-sable-de-camargue-grenache-cinsault-cabernet-listel-3244081500005?t=27074"}},{"type":"product","id":"product-3245414726369","attributes":{"ean":"3245414726369","cdbase":"3741270","title":"Vin Ros\u00e9 Bordeaux Merlot - Cabernet Sauvignon LA CAVE D'AUGUSTIN FLORENT","brand":"CAVE AUGUSTIN FLOREN","slug":"vin-rose-bordeaux-merlot-cabernet-sauvignon-la-cave-d-augustin-florent","availability":{"indispensable":false,"purchasable":true,"stopped":false,"suspended":false,"suspensionReason":null,"checkable":false,"currentStoreOffer":null},"price":{"price":3.5,"unitOfMeasure":"Litre","perUnitLabel":"4.67 \u20ac \/ Litre","taxMessage":"","perUnit":4.6699999999999999},"ordering":{"min":1,"step":1,"max":36},"offerServiceId":"0261-150-6","uri":"boissons\/cave-a-vins\/vins-roses\/autres-regions","categories":[{"id":"27070","code":"R10","slug":"boissons","label":"Boissons","uri":"boissons","type":"RAYON","level":1,"sellerId":null},{"id":"27074","code":"R10F02","slug":"cave-a-vins","label":"Cave \u00e0 vins","uri":"boissons\/cave-a-vins","type":"RAYON","level":2,"sellerId":null},{"id":"27107","code":"R10F02SF03","slug":"vins-roses","label":"Vins ros\u00e9s","uri":"boissons\/cave-a-vins\/vins-roses","type":"RAYON","level":3,"sellerId":null},{"id":"27164","code":"R10F02SF03SS05","slug":"autres-regions","label":"Autres r\u00e9gions","uri":"boissons\/cave-a-vins\/vins-roses\/autres-regions","type":"RAYON","level":4,"sellerId":null}],"topCategoryName":"Boissons","images":[{"largest":"\/media\/1500x1500\/Photosite\/PGC\/BOISSONS\/3245414726369_PHOTOSITE_20200822_053332_0.jpg?placeholder=1","1500x1500":"\/media\/1500x1500\/Photosite\/PGC\/BOISSONS\/3245414726369_PHOTOSITE_20200822_053332_0.jpg?placeholder=1","540x540":"\/media\/540x540\/Photosite\/PGC\/BOISSONS\/3245414726369_PHOTOSITE_20200822_053332_0.jpg?placeholder=1","380x380":"\/media\/380x380\/Photosite\/PGC\/BOISSONS\/3245414726369_PHOTOSITE_20200822_053332_0.jpg?placeholder=1","340x340":"\/media\/340x340\/Photosite\/PGC\/BOISSONS\/3245414726369_PHOTOSITE_20200822_053332_0.jpg?placeholder=1","340x240":"\/media\/340x240\/Photosite\/PGC\/BOISSONS\/3245414726369_PHOTOSITE_20200822_053332_0.jpg?placeholder=1","280x280":"\/media\/280x280\/Photosite\/PGC\/BOISSONS\/3245414726369_PHOTOSITE_20200822_053332_0.jpg?placeholder=1","195x195":"\/media\/195x195\/Photosite\/PGC\/BOISSONS\/3245414726369_PHOTOSITE_20200822_053332_0.jpg?placeholder=1","150x150":"\/media\/150x150\/Photosite\/PGC\/BOISSONS\/3245414726369_PHOTOSITE_20200822_053332_0.jpg?placeholder=1","43x43":"\/media\/43x43\/Photosite\/PGC\/BOISSONS\/3245414726369_PHOTOSITE_20200822_053332_0.jpg?placeholder=1"}],"promotion":null,"isDonation":false,"highlightLabel":null,"seller":null,"sellerId":null,"marketplace":null,"freshness":null,"traceability":null,"flags":["flag.common.glutenfree"],"clubs":[],"packaging":"la bouteille de 75cL - Vendues Par ","origin":"","format":"75cL"},"relationships":{"substitution":null},"meta":{"recommendation":null,"cta":"buy","features":{"shoppingList":true,"deletable":false,"swap":false,"feedback":false,"freshness":true}},"links":{"self":"\/p\/vin-rose-bordeaux-merlot-cabernet-sauvignon-la-cave-d-augustin-florent-3245414726369?t=27074"}},{"type":"product","id":"product-3340180011128","attributes":{"ean":"3340180011128","cdbase":"6792732","title":"Vin Rouge Bourgogne Bougogne Pinot Noir LA MARCHE BOUCHARD AINE & FILS","brand":"REFS.SANS MARQUE","slug":"vin-rouge-bourgogne-bougogne-pinot-noir-la-marche-bouchard-aine-fils","availability":{"indispensable":false,"purchasable":true,"stopped":false,"suspended":false,"suspensionReason":null,"checkable":false,"currentStoreOffer":null},"price":{"price":8.5500000000000007,"unitOfMeasure":"Litre","perUnitLabel":"11.40 \u20ac \/ Litre","taxMessage":"","perUnit":11.4},"ordering":{"min":1,"step":1,"max":36},"offerServiceId":"0261-150-6","uri":"boissons\/cave-a-vins\/vins-rouges\/bourgogne","categories":[{"id":"27070","code":"R10","slug":"boissons","label":"Boissons","uri":"boissons","type":"RAYON","level":1,"sellerId":null},{"id":"27074","code":"R10F02","slug":"cave-a-vins","label":"Cave \u00e0 vins","uri":"boissons\/cave-a-vins","type":"RAYON","level":2,"sellerId":null},{"id":"27105","code":"R10F02SF01","slug":"vins-rouges","label":"Vins rouges","uri":"boissons\/cave-a-vins\/vins-rouges","type":"RAYON","level":3,"sellerId":null},{"id":"27144","code":"R10F02SF01SS04","slug":"bourgogne","label":"Bourgogne","uri":"boissons\/cave-a-vins\/vins-rouges\/bourgogne","type":"RAYON","level":4,"sellerId":null}],"topCategoryName":"Boissons","images":[{"largest":"\/media\/1500x1500\/Photosite\/PGC\/BOISSONS\/3340180011128_PHOTOSITE_20201230_054319_0.jpg?placeholder=1","1500x1500":"\/media\/1500x1500\/Photosite\/PGC\/BOISSONS\/3340180011128_PHOTOSITE_20201230_054319_0.jpg?placeholder=1","540x540":"\/media\/540x540\/Photosite\/PGC\/BOISSONS\/3340180011128_PHOTOSITE_20201230_054319_0.jpg?placeholder=1","380x380":"\/media\/380x380\/Photosite\/PGC\/BOISSONS\/3340180011128_PHOTOSITE_20201230_054319_0.jpg?placeholder=1","340x340":"\/media\/340x340\/Photosite\/PGC\/BOISSONS\/3340180011128_PHOTOSITE_20201230_054319_0.jpg?placeholder=1","340x240":"\/media\/340x240\/Photosite\/PGC\/BOISSONS\/3340180011128_PHOTOSITE_20201230_054319_0.jpg?placeholder=1","280x280":"\/media\/280x280\/Photosite\/PGC\/BOISSONS\/3340180011128_PHOTOSITE_20201230_054319_0.jpg?placeholder=1","195x195":"\/media\/195x195\/Photosite\/PGC\/BOISSONS\/3340180011128_PHOTOSITE_20201230_054319_0.jpg?placeholder=1","150x150":"\/media\/150x150\/Photosite\/PGC\/BOISSONS\/3340180011128_PHOTOSITE_20201230_054319_0.jpg?placeholder=1","43x43":"\/media\/43x43\/Photosite\/PGC\/BOISSONS\/3340180011128_PHOTOSITE_20201230_054319_0.jpg?placeholder=1"}],"promotion":null,"isDonation":false,"highlightLabel":null,"seller":null,"sellerId":null,"marketplace":null,"freshness":null,"traceability":null,"flags":[],"clubs":[],"packaging":"la bouteille de 75cL","origin":"","format":"75cL"},"relationships":{"substitution":null},"meta":{"recommendation":null,"cta":"buy","features":{"shoppingList":true,"deletable":false,"swap":false,"feedback":false,"freshness":true}},"links":{"self":"\/p\/vin-rouge-bourgogne-bougogne-pinot-noir-la-marche-bouchard-aine-fils-3340180011128?t=27074"}},{"type":"product","id":"product-3423290175468","attributes":{"ean":"3423290175468","cdbase":"5477375","title":"Vin rouge M\u00e9doc PRODUCTA VIGNOBLES","brand":"REFS.SANS MARQUE","slug":"vin-rouge-medoc-producta-vignobles","availability":{"indispensable":false,"purchasable":true,"stopped":false,"suspended":false,"suspensionReason":null,"checkable":false,"currentStoreOffer":null},"price":{"price":7.5,"unitOfMeasure":"Litre","perUnitLabel":"10.00 \u20ac \/ Litre","taxMessage":"","perUnit":10},"ordering":{"min":1,"step":1,"max":36},"offerServiceId":"0261-150-6","uri":"boissons\/cave-a-vins\/vins-rouges\/bordeaux","categories":[{"id":"27070","code":"R10","slug":"boissons","label":"Boissons","uri":"boissons","type":"RAYON","level":1,"sellerId":null},{"id":"27074","code":"R10F02","slug":"cave-a-vins","label":"Cave \u00e0 vins","uri":"boissons\/cave-a-vins","type":"RAYON","level":2,"sellerId":null},{"id":"27105","code":"R10F02SF01","slug":"vins-rouges","label":"Vins rouges","uri":"boissons\/cave-a-vins\/vins-rouges","type":"RAYON","level":3,"sellerId":null},{"id":"27141","code":"R10F02SF01SS01","slug":"bordeaux","label":"Bordeaux","uri":"boissons\/cave-a-vins\/vins-rouges\/bordeaux","type":"RAYON","level":4,"sellerId":null}],"topCategoryName":"Boissons","images":[{"largest":"\/media\/1500x1500\/Photosite\/PGC\/BOISSONS\/3423290175468_PHOTOSITE_20161010_082436_0.jpg?placeholder=1","1500x1500":"\/media\/1500x1500\/Photosite\/PGC\/BOISSONS\/3423290175468_PHOTOSITE_20161010_082436_0.jpg?placeholder=1","540x540":"\/media\/540x540\/Photosite\/PGC\/BOISSONS\/3423290175468_PHOTOSITE_20161010_082436_0.jpg?placeholder=1","380x380":"\/media\/380x380\/Photosite\/PGC\/BOISSONS\/3423290175468_PHOTOSITE_20161010_082436_0.jpg?placeholder=1","340x340":"\/media\/340x340\/Photosite\/PGC\/BOISSONS\/3423290175468_PHOTOSITE_20161010_082436_0.jpg?placeholder=1","340x240":"\/media\/340x240\/Photosite\/PGC\/BOISSONS\/3423290175468_PHOTOSITE_20161010_082436_0.jpg?placeholder=1","280x280":"\/media\/280x280\/Photosite\/PGC\/BOISSONS\/3423290175468_PHOTOSITE_20161010_082436_0.jpg?placeholder=1","195x195":"\/media\/195x195\/Photosite\/PGC\/BOISSONS\/3423290175468_PHOTOSITE_20161010_082436_0.jpg?placeholder=1","150x150":"\/media\/150x150\/Photosite\/PGC\/BOISSONS\/3423290175468_PHOTOSITE_20161010_082436_0.jpg?placeholder=1","43x43":"\/media\/43x43\/Photosite\/PGC\/BOISSONS\/3423290175468_PHOTOSITE_20161010_082436_0.jpg?placeholder=1"},{"largest":"\/media\/1500x1500\/Photosite\/PGC\/BOISSONS\/3423290175468_PHOTOSITE_20161010_082436_7.jpg?placeholder=1","1500x1500":"\/media\/1500x1500\/Photosite\/PGC\/BOISSONS\/3423290175468_PHOTOSITE_20161010_082436_7.jpg?placeholder=1","540x540":"\/media\/540x540\/Photosite\/PGC\/BOISSONS\/3423290175468_PHOTOSITE_20161010_082436_7.jpg?placeholder=1","380x380":"\/media\/380x380\/Photosite\/PGC\/BOISSONS\/3423290175468_PHOTOSITE_20161010_082436_7.jpg?placeholder=1","340x340":"\/media\/340x340\/Photosite\/PGC\/BOISSONS\/3423290175468_PHOTOSITE_20161010_082436_7.jpg?placeholder=1","340x240":"\/media\/340x240\/Photosite\/PGC\/BOISSONS\/3423290175468_PHOTOSITE_20161010_082436_7.jpg?placeholder=1","280x280":"\/media\/280x280\/Photosite\/PGC\/BOISSONS\/3423290175468_PHOTOSITE_20161010_082436_7.jpg?placeholder=1","195x195":"\/media\/195x195\/Photosite\/PGC\/BOISSONS\/3423290175468_PHOTOSITE_20161010_082436_7.jpg?placeholder=1","150x150":"\/media\/150x150\/Photosite\/PGC\/BOISSONS\/3423290175468_PHOTOSITE_20161010_082436_7.jpg?placeholder=1","43x43":"\/media\/43x43\/Photosite\/PGC\/BOISSONS\/3423290175468_PHOTOSITE_20161010_082436_7.jpg?placeholder=1"}],"promotion":null,"isDonation":false,"highlightLabel":null,"seller":null,"sellerId":null,"marketplace":null,"freshness":null,"traceability":null,"flags":[],"clubs":[],"packaging":"la bouteille de 75cL","origin":"","format":"75cL"},"relationships":{"substitution":null},"meta":{"recommendation":null,"cta":"buy","features":{"shoppingList":true,"deletable":false,"swap":false,"feedback":false,"freshness":true}},"links":{"self":"\/p\/vin-rouge-medoc-producta-vignobles-3423290175468?t=27074"}},{"type":"product","id":"product-3245414819917","attributes":{"ean":"3245414819917","cdbase":"3781449","title":"Vin rouge C\u00f4tes du Rh\u00f4ne Villages Laudun CAVE AUGUSTIN FLORENT","brand":"CAVE AUGUSTIN FLOREN","slug":"vin-rouge-cotes-du-rhone-villages-laudun-cave-augustin-florent","availability":{"indispensable":false,"purchasable":true,"stopped":false,"suspended":false,"suspensionReason":null,"checkable":false,"currentStoreOffer":null},"price":{"price":4.5999999999999996,"unitOfMeasure":"Litre","perUnitLabel":"6.13 \u20ac \/ Litre","taxMessage":"","perUnit":6.1299999999999999},"ordering":{"min":1,"step":1,"max":36},"offerServiceId":"0261-150-6","uri":"boissons\/cave-a-vins\/vins-rouges\/vallee-du-rhone","categories":[{"id":"27070","code":"R10","slug":"boissons","label":"Boissons","uri":"boissons","type":"RAYON","level":1,"sellerId":null},{"id":"27074","code":"R10F02","slug":"cave-a-vins","label":"Cave \u00e0 vins","uri":"boissons\/cave-a-vins","type":"RAYON","level":2,"sellerId":null},{"id":"27105","code":"R10F02SF01","slug":"vins-rouges","label":"Vins rouges","uri":"boissons\/cave-a-vins\/vins-rouges","type":"RAYON","level":3,"sellerId":null},{"id":"27142","code":"R10F02SF01SS02","slug":"vallee-du-rhone","label":"Vall\u00e9e du Rh\u00f4ne","uri":"boissons\/cave-a-vins\/vins-rouges\/vallee-du-rhone","type":"RAYON","level":4,"sellerId":null}],"topCategoryName":"Boissons","images":[{"largest":"\/media\/1500x1500\/Photosite\/PGC\/BOISSONS\/3245414819917_PHOTOSITE_20171110_160636_0.jpg?placeholder=1","1500x1500":"\/media\/1500x1500\/Photosite\/PGC\/BOISSONS\/3245414819917_PHOTOSITE_20171110_160636_0.jpg?placeholder=1","540x540":"\/media\/540x540\/Photosite\/PGC\/BOISSONS\/3245414819917_PHOTOSITE_20171110_160636_0.jpg?placeholder=1","380x380":"\/media\/380x380\/Photosite\/PGC\/BOISSONS\/3245414819917_PHOTOSITE_20171110_160636_0.jpg?placeholder=1","340x340":"\/media\/340x340\/Photosite\/PGC\/BOISSONS\/3245414819917_PHOTOSITE_20171110_160636_0.jpg?placeholder=1","340x240":"\/media\/340x240\/Photosite\/PGC\/BOISSONS\/3245414819917_PHOTOSITE_20171110_160636_0.jpg?placeholder=1","280x280":"\/media\/280x280\/Photosite\/PGC\/BOISSONS\/3245414819917_PHOTOSITE_20171110_160636_0.jpg?placeholder=1","195x195":"\/media\/195x195\/Photosite\/PGC\/BOISSONS\/3245414819917_PHOTOSITE_20171110_160636_0.jpg?placeholder=1","150x150":"\/media\/150x150\/Photosite\/PGC\/BOISSONS\/3245414819917_PHOTOSITE_20171110_160636_0.jpg?placeholder=1","43x43":"\/media\/43x43\/Photosite\/PGC\/BOISSONS\/3245414819917_PHOTOSITE_20171110_160636_0.jpg?placeholder=1"},{"largest":"\/media\/1500x1500\/Photosite\/PGC\/BOISSONS\/3245414819917_PHOTOSITE_20140327_183407_7.jpg?placeholder=1","1500x1500":"\/media\/1500x1500\/Photosite\/PGC\/BOISSONS\/3245414819917_PHOTOSITE_20140327_183407_7.jpg?placeholder=1","540x540":"\/media\/540x540\/Photosite\/PGC\/BOISSONS\/3245414819917_PHOTOSITE_20140327_183407_7.jpg?placeholder=1","380x380":"\/media\/380x380\/Photosite\/PGC\/BOISSONS\/3245414819917_PHOTOSITE_20140327_183407_7.jpg?placeholder=1","340x340":"\/media\/340x340\/Photosite\/PGC\/BOISSONS\/3245414819917_PHOTOSITE_20140327_183407_7.jpg?placeholder=1","340x240":"\/media\/340x240\/Photosite\/PGC\/BOISSONS\/3245414819917_PHOTOSITE_20140327_183407_7.jpg?placeholder=1","280x280":"\/media\/280x280\/Photosite\/PGC\/BOISSONS\/3245414819917_PHOTOSITE_20140327_183407_7.jpg?placeholder=1","195x195":"\/media\/195x195\/Photosite\/PGC\/BOISSONS\/3245414819917_PHOTOSITE_20140327_183407_7.jpg?placeholder=1","150x150":"\/media\/150x150\/Photosite\/PGC\/BOISSONS\/3245414819917_PHOTOSITE_20140327_183407_7.jpg?placeholder=1","43x43":"\/media\/43x43\/Photosite\/PGC\/BOISSONS\/3245414819917_PHOTOSITE_20140327_183407_7.jpg?placeholder=1"}],"promotion":null,"isDonation":false,"highlightLabel":null,"seller":null,"sellerId":null,"marketplace":null,"freshness":null,"traceability":null,"flags":[],"clubs":[],"packaging":"la bouteille de 75cL","origin":"","format":"75cL"},"relationships":{"substitution":null},"meta":{"recommendation":null,"cta":"buy","features":{"shoppingList":true,"deletable":false,"swap":false,"feedback":false,"freshness":true}},"links":{"self":"\/p\/vin-rouge-cotes-du-rhone-villages-laudun-cave-augustin-florent-3245414819917?t=27074"}},{"type":"product","id":"product-3245390248992","attributes":{"ean":"3245390248992","cdbase":"5967957","title":"Vin blanc Touraine Sauvignon DOMAINE PAUL BUISSE RDF","brand":"REFLETS DE FRANCE","slug":"vin-blanc-touraine-sauvignon-domaine-paul-buisse-rdf","availability":{"indispensable":false,"purchasable":true,"stopped":false,"suspended":false,"suspensionReason":null,"checkable":false,"currentStoreOffer":null},"price":{"price":4.9900000000000002,"unitOfMeasure":"Litre","perUnitLabel":"6.65 \u20ac \/ Litre","taxMessage":"","perUnit":6.6500000000000004},"ordering":{"min":1,"step":1,"max":20},"offerServiceId":"0261-150-6","uri":"boissons\/cave-a-vins\/vins-blancs\/val-de-loire","categories":[{"id":"27070","code":"R10","slug":"boissons","label":"Boissons","uri":"boissons","type":"RAYON","level":1,"sellerId":null},{"id":"27074","code":"R10F02","slug":"cave-a-vins","label":"Cave \u00e0 vins","uri":"boissons\/cave-a-vins","type":"RAYON","level":2,"sellerId":null},{"id":"27106","code":"R10F02SF02","slug":"vins-blancs","label":"Vins blancs","uri":"boissons\/cave-a-vins\/vins-blancs","type":"RAYON","level":3,"sellerId":null},{"id":"27153","code":"R10F02SF02SS03","slug":"val-de-loire","label":"Val de Loire","uri":"boissons\/cave-a-vins\/vins-blancs\/val-de-loire","type":"RAYON","level":4,"sellerId":null}],"topCategoryName":"Boissons","images":[{"largest":"\/media\/1500x1500\/Photosite\/PGC\/BOISSONS\/3245390248992_PHOTOSITE_20180403_164319_0.jpg?placeholder=1","1500x1500":"\/media\/1500x1500\/Photosite\/PGC\/BOISSONS\/3245390248992_PHOTOSITE_20180403_164319_0.jpg?placeholder=1","540x540":"\/media\/540x540\/Photosite\/PGC\/BOISSONS\/3245390248992_PHOTOSITE_20180403_164319_0.jpg?placeholder=1","380x380":"\/media\/380x380\/Photosite\/PGC\/BOISSONS\/3245390248992_PHOTOSITE_20180403_164319_0.jpg?placeholder=1","340x340":"\/media\/340x340\/Photosite\/PGC\/BOISSONS\/3245390248992_PHOTOSITE_20180403_164319_0.jpg?placeholder=1","340x240":"\/media\/340x240\/Photosite\/PGC\/BOISSONS\/3245390248992_PHOTOSITE_20180403_164319_0.jpg?placeholder=1","280x280":"\/media\/280x280\/Photosite\/PGC\/BOISSONS\/3245390248992_PHOTOSITE_20180403_164319_0.jpg?placeholder=1","195x195":"\/media\/195x195\/Photosite\/PGC\/BOISSONS\/3245390248992_PHOTOSITE_20180403_164319_0.jpg?placeholder=1","150x150":"\/media\/150x150\/Photosite\/PGC\/BOISSONS\/3245390248992_PHOTOSITE_20180403_164319_0.jpg?placeholder=1","43x43":"\/media\/43x43\/Photosite\/PGC\/BOISSONS\/3245390248992_PHOTOSITE_20180403_164319_0.jpg?placeholder=1"}],"promotion":null,"isDonation":false,"highlightLabel":null,"seller":null,"sellerId":null,"marketplace":null,"freshness":null,"traceability":null,"flags":[],"clubs":[],"packaging":"La bouteille de 75cL","origin":"","format":"75cL"},"relationships":{"substitution":null},"meta":{"recommendation":null,"cta":"buy","features":{"shoppingList":true,"deletable":false,"swap":false,"feedback":false,"freshness":true}},"links":{"self":"\/p\/vin-blanc-touraine-sauvignon-domaine-paul-buisse-rdf-3245390248992?t=27074"}},{"type":"product","id":"product-3270040274052","attributes":{"ean":"3270040274052","cdbase":"4450246","title":"Vin rouge Saint Mont AOC FLEURON DE BARADAT","brand":"REFS.SANS MARQUE","slug":"vin-rouge-saint-mont-aoc-fleuron-de-baradat","availability":{"indispensable":false,"purchasable":true,"stopped":false,"suspended":false,"suspensionReason":null,"checkable":false,"currentStoreOffer":null},"price":{"price":5.5,"unitOfMeasure":"Litre","perUnitLabel":"7.33 \u20ac \/ Litre","taxMessage":"","perUnit":7.3300000000000001},"ordering":{"min":1,"step":1,"max":36},"offerServiceId":"0261-150-6","uri":"boissons\/cave-a-vins\/vins-rouges\/sud-ouest","categories":[{"id":"27070","code":"R10","slug":"boissons","label":"Boissons","uri":"boissons","type":"RAYON","level":1,"sellerId":null},{"id":"27074","code":"R10F02","slug":"cave-a-vins","label":"Cave \u00e0 vins","uri":"boissons\/cave-a-vins","type":"RAYON","level":2,"sellerId":null},{"id":"27105","code":"R10F02SF01","slug":"vins-rouges","label":"Vins rouges","uri":"boissons\/cave-a-vins\/vins-rouges","type":"RAYON","level":3,"sellerId":null},{"id":"27145","code":"R10F02SF01SS05","slug":"sud-ouest","label":"Sud-Ouest","uri":"boissons\/cave-a-vins\/vins-rouges\/sud-ouest","type":"RAYON","level":4,"sellerId":null}],"topCategoryName":"Boissons","images":[{"largest":"\/media\/1500x1500\/Photosite\/PGC\/BOISSONS\/3270040274052_PHOTOSITE_20201002_163940_0.jpg?placeholder=1","1500x1500":"\/media\/1500x1500\/Photosite\/PGC\/BOISSONS\/3270040274052_PHOTOSITE_20201002_163940_0.jpg?placeholder=1","540x540":"\/media\/540x540\/Photosite\/PGC\/BOISSONS\/3270040274052_PHOTOSITE_20201002_163940_0.jpg?placeholder=1","380x380":"\/media\/380x380\/Photosite\/PGC\/BOISSONS\/3270040274052_PHOTOSITE_20201002_163940_0.jpg?placeholder=1","340x340":"\/media\/340x340\/Photosite\/PGC\/BOISSONS\/3270040274052_PHOTOSITE_20201002_163940_0.jpg?placeholder=1","340x240":"\/media\/340x240\/Photosite\/PGC\/BOISSONS\/3270040274052_PHOTOSITE_20201002_163940_0.jpg?placeholder=1","280x280":"\/media\/280x280\/Photosite\/PGC\/BOISSONS\/3270040274052_PHOTOSITE_20201002_163940_0.jpg?placeholder=1","195x195":"\/media\/195x195\/Photosite\/PGC\/BOISSONS\/3270040274052_PHOTOSITE_20201002_163940_0.jpg?placeholder=1","150x150":"\/media\/150x150\/Photosite\/PGC\/BOISSONS\/3270040274052_PHOTOSITE_20201002_163940_0.jpg?placeholder=1","43x43":"\/media\/43x43\/Photosite\/PGC\/BOISSONS\/3270040274052_PHOTOSITE_20201002_163940_0.jpg?placeholder=1"}],"promotion":null,"isDonation":false,"highlightLabel":null,"seller":null,"sellerId":null,"marketplace":null,"freshness":null,"traceability":null,"flags":[],"clubs":[],"packaging":"la bouteille de 75cL","origin":"","format":"75cL"},"relationships":{"substitution":null},"meta":{"recommendation":null,"cta":"buy","features":{"shoppingList":true,"deletable":false,"swap":false,"feedback":false,"freshness":true}},"links":{"self":"\/p\/vin-rouge-saint-mont-aoc-fleuron-de-baradat-3270040274052?t=27074"}},{"type":"product","id":"product-3245414777880","attributes":{"ean":"3245414777880","cdbase":"3761016","title":"Vin Rouge Vall\u00e9e du Rh\u00f4ne C\u00f4tes du Rh\u00f4ne Grenache - Syrah LA CAVE D'AUGUSTIN FLORENT","brand":"CAVE AUGUSTIN FLOREN","slug":"vin-rouge-vallee-du-rhone-cotes-du-rhone-grenache-syrah-la-cave-d-augustin-florent","availability":{"indispensable":false,"purchasable":true,"stopped":false,"suspended":false,"suspensionReason":null,"checkable":false,"currentStoreOffer":null},"price":{"price":14.949999999999999,"unitOfMeasure":"Litre","perUnitLabel":"2.99 \u20ac \/ Litre","taxMessage":"","perUnit":2.9900000000000002},"ordering":{"min":1,"step":1,"max":6},"offerServiceId":"0261-150-6","uri":"boissons\/cave-a-vins\/fontaines-vins","categories":[{"id":"27070","code":"R10","slug":"boissons","label":"Boissons","uri":"boissons","type":"RAYON","level":1,"sellerId":null},{"id":"27074","code":"R10F02","slug":"cave-a-vins","label":"Cave \u00e0 vins","uri":"boissons\/cave-a-vins","type":"RAYON","level":2,"sellerId":null},{"id":"27140","code":"R10F02SF05","slug":"fontaines-vins","label":"Fontaines \u00e0 vins","uri":"boissons\/cave-a-vins\/fontaines-vins","type":"RAYON","level":3,"sellerId":null}],"topCategoryName":"Boissons","images":[{"largest":"\/media\/1500x1500\/Photosite\/PGC\/BOISSONS\/3245414777880_PHOTOSITE_20200213_171347_0.jpg?placeholder=1","1500x1500":"\/media\/1500x1500\/Photosite\/PGC\/BOISSONS\/3245414777880_PHOTOSITE_20200213_171347_0.jpg?placeholder=1","540x540":"\/media\/540x540\/Photosite\/PGC\/BOISSONS\/3245414777880_PHOTOSITE_20200213_171347_0.jpg?placeholder=1","380x380":"\/media\/380x380\/Photosite\/PGC\/BOISSONS\/3245414777880_PHOTOSITE_20200213_171347_0.jpg?placeholder=1","340x340":"\/media\/340x340\/Photosite\/PGC\/BOISSONS\/3245414777880_PHOTOSITE_20200213_171347_0.jpg?placeholder=1","340x240":"\/media\/340x240\/Photosite\/PGC\/BOISSONS\/3245414777880_PHOTOSITE_20200213_171347_0.jpg?placeholder=1","280x280":"\/media\/280x280\/Photosite\/PGC\/BOISSONS\/3245414777880_PHOTOSITE_20200213_171347_0.jpg?placeholder=1","195x195":"\/media\/195x195\/Photosite\/PGC\/BOISSONS\/3245414777880_PHOTOSITE_20200213_171347_0.jpg?placeholder=1","150x150":"\/media\/150x150\/Photosite\/PGC\/BOISSONS\/3245414777880_PHOTOSITE_20200213_171347_0.jpg?placeholder=1","43x43":"\/media\/43x43\/Photosite\/PGC\/BOISSONS\/3245414777880_PHOTOSITE_20200213_171347_0.jpg?placeholder=1"}],"promotion":null,"isDonation":false,"highlightLabel":null,"seller":null,"sellerId":null,"marketplace":null,"freshness":null,"traceability":null,"flags":[],"clubs":[],"packaging":"la fontaine de 5L","origin":"","format":"5L"},"relationships":{"substitution":null},"meta":{"recommendation":null,"cta":"buy","features":{"shoppingList":true,"deletable":false,"swap":false,"feedback":false,"freshness":true}},"links":{"self":"\/p\/vin-rouge-vallee-du-rhone-cotes-du-rhone-grenache-syrah-la-cave-d-augustin-florent-3245414777880?t=27074"}},{"type":"product","id":"product-3211203445759","attributes":{"ean":"3211203445759","cdbase":"3009457","title":"Vin Ros\u00e9 Val de Loire Cabernet d'Anjou Cabernet franc PLESSIS DUVAL","brand":"REFS.SANS MARQUE","slug":"vin-rose-val-de-loire-cabernet-d-anjou-cabernet-franc-plessis-duval","availability":{"indispensable":false,"purchasable":true,"stopped":false,"suspended":false,"suspensionReason":null,"checkable":false,"currentStoreOffer":null},"price":{"price":4.3499999999999996,"unitOfMeasure":"Litre","perUnitLabel":"5.80 \u20ac \/ Litre","taxMessage":"","perUnit":5.7999999999999998},"ordering":{"min":1,"step":1,"max":36},"offerServiceId":"0261-150-6","uri":"boissons\/cave-a-vins\/vins-roses\/val-de-loire","categories":[{"id":"27070","code":"R10","slug":"boissons","label":"Boissons","uri":"boissons","type":"RAYON","level":1,"sellerId":null},{"id":"27074","code":"R10F02","slug":"cave-a-vins","label":"Cave \u00e0 vins","uri":"boissons\/cave-a-vins","type":"RAYON","level":2,"sellerId":null},{"id":"27107","code":"R10F02SF03","slug":"vins-roses","label":"Vins ros\u00e9s","uri":"boissons\/cave-a-vins\/vins-roses","type":"RAYON","level":3,"sellerId":null},{"id":"27163","code":"R10F02SF03SS04","slug":"val-de-loire","label":"Val de Loire","uri":"boissons\/cave-a-vins\/vins-roses\/val-de-loire","type":"RAYON","level":4,"sellerId":null}],"topCategoryName":"Boissons","images":[{"largest":"\/media\/1500x1500\/Photosite\/PGC\/BOISSONS\/3211203445759_PHOTOSITE_20201215_183131_0.jpg?placeholder=1","1500x1500":"\/media\/1500x1500\/Photosite\/PGC\/BOISSONS\/3211203445759_PHOTOSITE_20201215_183131_0.jpg?placeholder=1","540x540":"\/media\/540x540\/Photosite\/PGC\/BOISSONS\/3211203445759_PHOTOSITE_20201215_183131_0.jpg?placeholder=1","380x380":"\/media\/380x380\/Photosite\/PGC\/BOISSONS\/3211203445759_PHOTOSITE_20201215_183131_0.jpg?placeholder=1","340x340":"\/media\/340x340\/Photosite\/PGC\/BOISSONS\/3211203445759_PHOTOSITE_20201215_183131_0.jpg?placeholder=1","340x240":"\/media\/340x240\/Photosite\/PGC\/BOISSONS\/3211203445759_PHOTOSITE_20201215_183131_0.jpg?placeholder=1","280x280":"\/media\/280x280\/Photosite\/PGC\/BOISSONS\/3211203445759_PHOTOSITE_20201215_183131_0.jpg?placeholder=1","195x195":"\/media\/195x195\/Photosite\/PGC\/BOISSONS\/3211203445759_PHOTOSITE_20201215_183131_0.jpg?placeholder=1","150x150":"\/media\/150x150\/Photosite\/PGC\/BOISSONS\/3211203445759_PHOTOSITE_20201215_183131_0.jpg?placeholder=1","43x43":"\/media\/43x43\/Photosite\/PGC\/BOISSONS\/3211203445759_PHOTOSITE_20201215_183131_0.jpg?placeholder=1"}],"promotion":null,"isDonation":false,"highlightLabel":null,"seller":null,"sellerId":null,"marketplace":null,"freshness":null,"traceability":null,"flags":["flag.common.aop"],"clubs":[],"packaging":"la bouteille de 75cL","origin":"","format":"75cL"},"relationships":{"substitution":null},"meta":{"recommendation":null,"cta":"buy","features":{"shoppingList":true,"deletable":false,"swap":false,"feedback":false,"freshness":true}},"links":{"self":"\/p\/vin-rose-val-de-loire-cabernet-d-anjou-cabernet-franc-plessis-duval-3211203445759?t=27074"}},{"type":"product","id":"product-3245390246721","attributes":{"ean":"3245390246721","cdbase":"4859126","title":"Vin Ros\u00e9 Languedoc Roussillon I.G.P C\u00f4tes de Thau RESERVE DE MONROUBY \"REFLETS DE FRANCE\"","brand":"REFLETS DE FRANCE","slug":"vin-rose-languedoc-roussillon-i-g-p-cotes-de-thau-reserve-de-monrouby-reflets-de-france","availability":{"indispensable":false,"purchasable":true,"stopped":false,"suspended":false,"suspensionReason":null,"checkable":false,"currentStoreOffer":null},"price":{"price":3.75,"unitOfMeasure":"Litre","perUnitLabel":"5.00 \u20ac \/ Litre","taxMessage":"","perUnit":5},"ordering":{"min":1,"step":1,"max":20},"offerServiceId":"0261-150-6","uri":"boissons\/cave-a-vins\/vins-roses\/vins-de-pays-vins-de-table-rose","categories":[{"id":"27070","code":"R10","slug":"boissons","label":"Boissons","uri":"boissons","type":"RAYON","level":1,"sellerId":null},{"id":"27074","code":"R10F02","slug":"cave-a-vins","label":"Cave \u00e0 vins","uri":"boissons\/cave-a-vins","type":"RAYON","level":2,"sellerId":null},{"id":"27107","code":"R10F02SF03","slug":"vins-roses","label":"Vins ros\u00e9s","uri":"boissons\/cave-a-vins\/vins-roses","type":"RAYON","level":3,"sellerId":null},{"id":"27165","code":"R10F02SF03SS06","slug":"vins-de-pays-vins-de-table-rose","label":"Vins de pays et Vins de table ros\u00e9","uri":"boissons\/cave-a-vins\/vins-roses\/vins-de-pays-vins-de-table-rose","type":"RAYON","level":4,"sellerId":null}],"topCategoryName":"Boissons","images":[{"largest":"\/media\/1500x1500\/Photosite\/PGC\/BOISSONS\/3245390246721_PHOTOSITE_20200822_053241_0.jpg?placeholder=1","1500x1500":"\/media\/1500x1500\/Photosite\/PGC\/BOISSONS\/3245390246721_PHOTOSITE_20200822_053241_0.jpg?placeholder=1","540x540":"\/media\/540x540\/Photosite\/PGC\/BOISSONS\/3245390246721_PHOTOSITE_20200822_053241_0.jpg?placeholder=1","380x380":"\/media\/380x380\/Photosite\/PGC\/BOISSONS\/3245390246721_PHOTOSITE_20200822_053241_0.jpg?placeholder=1","340x340":"\/media\/340x340\/Photosite\/PGC\/BOISSONS\/3245390246721_PHOTOSITE_20200822_053241_0.jpg?placeholder=1","340x240":"\/media\/340x240\/Photosite\/PGC\/BOISSONS\/3245390246721_PHOTOSITE_20200822_053241_0.jpg?placeholder=1","280x280":"\/media\/280x280\/Photosite\/PGC\/BOISSONS\/3245390246721_PHOTOSITE_20200822_053241_0.jpg?placeholder=1","195x195":"\/media\/195x195\/Photosite\/PGC\/BOISSONS\/3245390246721_PHOTOSITE_20200822_053241_0.jpg?placeholder=1","150x150":"\/media\/150x150\/Photosite\/PGC\/BOISSONS\/3245390246721_PHOTOSITE_20200822_053241_0.jpg?placeholder=1","43x43":"\/media\/43x43\/Photosite\/PGC\/BOISSONS\/3245390246721_PHOTOSITE_20200822_053241_0.jpg?placeholder=1"}],"promotion":null,"isDonation":false,"highlightLabel":null,"seller":null,"sellerId":null,"marketplace":null,"freshness":null,"traceability":null,"flags":["flag.common.glutenfree"],"clubs":[],"packaging":"la bouteille de 75cL - Vendues Par ","origin":"","format":"75cL"},"relationships":{"substitution":null},"meta":{"recommendation":null,"cta":"buy","features":{"shoppingList":true,"deletable":false,"swap":false,"feedback":false,"freshness":true}},"links":{"self":"\/p\/vin-rose-languedoc-roussillon-i-g-p-cotes-de-thau-reserve-de-monrouby-reflets-de-france-3245390246721?t=27074"}},{"type":"product","id":"product-3180284973874","attributes":{"ean":"3180284973874","cdbase":"6730938","title":"Vin rouge Merlot cabernet sauvignon SIDI BRAHIM","brand":"REFS.SANS MARQUE","slug":"vin-rouge-merlot-cabernet-sauvignon-sidi-brahim","availability":{"indispensable":false,"purchasable":true,"stopped":false,"suspended":false,"suspensionReason":null,"checkable":false,"currentStoreOffer":null},"price":{"price":3.8999999999999999,"unitOfMeasure":"Litre","perUnitLabel":"5.20 \u20ac \/ Litre","taxMessage":"","perUnit":5.2000000000000002},"ordering":{"min":1,"step":1,"max":36},"offerServiceId":"0261-150-6","uri":"boissons\/cave-a-vins\/vins-etrangers","categories":[{"id":"27070","code":"R10","slug":"boissons","label":"Boissons","uri":"boissons","type":"RAYON","level":1,"sellerId":null},{"id":"27074","code":"R10F02","slug":"cave-a-vins","label":"Cave \u00e0 vins","uri":"boissons\/cave-a-vins","type":"RAYON","level":2,"sellerId":null},{"id":"27139","code":"R10F02SF04","slug":"vins-etrangers","label":"Vins \u00e9trangers","uri":"boissons\/cave-a-vins\/vins-etrangers","type":"RAYON","level":3,"sellerId":null}],"topCategoryName":"Boissons","images":[{"largest":"\/media\/1500x1500\/Photosite\/PGC\/BOISSONS\/3180284973874_PHOTOSITE_20200421_165508_0.jpg?placeholder=1","1500x1500":"\/media\/1500x1500\/Photosite\/PGC\/BOISSONS\/3180284973874_PHOTOSITE_20200421_165508_0.jpg?placeholder=1","540x540":"\/media\/540x540\/Photosite\/PGC\/BOISSONS\/3180284973874_PHOTOSITE_20200421_165508_0.jpg?placeholder=1","380x380":"\/media\/380x380\/Photosite\/PGC\/BOISSONS\/3180284973874_PHOTOSITE_20200421_165508_0.jpg?placeholder=1","340x340":"\/media\/340x340\/Photosite\/PGC\/BOISSONS\/3180284973874_PHOTOSITE_20200421_165508_0.jpg?placeholder=1","340x240":"\/media\/340x240\/Photosite\/PGC\/BOISSONS\/3180284973874_PHOTOSITE_20200421_165508_0.jpg?placeholder=1","280x280":"\/media\/280x280\/Photosite\/PGC\/BOISSONS\/3180284973874_PHOTOSITE_20200421_165508_0.jpg?placeholder=1","195x195":"\/media\/195x195\/Photosite\/PGC\/BOISSONS\/3180284973874_PHOTOSITE_20200421_165508_0.jpg?placeholder=1","150x150":"\/media\/150x150\/Photosite\/PGC\/BOISSONS\/3180284973874_PHOTOSITE_20200421_165508_0.jpg?placeholder=1","43x43":"\/media\/43x43\/Photosite\/PGC\/BOISSONS\/3180284973874_PHOTOSITE_20200421_165508_0.jpg?placeholder=1"}],"promotion":null,"isDonation":false,"highlightLabel":null,"seller":null,"sellerId":null,"marketplace":null,"freshness":null,"traceability":null,"flags":[],"clubs":[],"packaging":"la bouteille de 75cL","origin":"","format":"75cL"},"relationships":{"substitution":null},"meta":{"recommendation":null,"cta":"buy","features":{"shoppingList":true,"deletable":false,"swap":false,"feedback":false,"freshness":true}},"links":{"self":"\/p\/vin-rouge-merlot-cabernet-sauvignon-sidi-brahim-3180284973874?t=27074"}},{"type":"product","id":"product-3249381025661","attributes":{"ean":"3249381025661","cdbase":"7074554","title":"Boisson Artis syrah sans alcool ","brand":"REFS.SANS MARQUE","slug":"boisson-artis-syrah-sans-alcool","availability":{"indispensable":false,"purchasable":true,"stopped":false,"suspended":false,"suspensionReason":null,"checkable":false,"currentStoreOffer":null},"price":{"price":4.6500000000000004,"unitOfMeasure":"Litre","perUnitLabel":"6.20 \u20ac \/ Litre","taxMessage":"","perUnit":6.2000000000000002},"ordering":{"min":1,"step":1,"max":20},"offerServiceId":"0261-150-6","uri":"boissons\/cave-a-vins\/vins-rouges\/vins-de-pays-vins-de-table-rouge","categories":[{"id":"27070","code":"R10","slug":"boissons","label":"Boissons","uri":"boissons","type":"RAYON","level":1,"sellerId":null},{"id":"27074","code":"R10F02","slug":"cave-a-vins","label":"Cave \u00e0 vins","uri":"boissons\/cave-a-vins","type":"RAYON","level":2,"sellerId":null},{"id":"27105","code":"R10F02SF01","slug":"vins-rouges","label":"Vins rouges","uri":"boissons\/cave-a-vins\/vins-rouges","type":"RAYON","level":3,"sellerId":null},{"id":"27150","code":"R10F02SF01SS10","slug":"vins-de-pays-vins-de-table-rouge","label":"Vins de pays et Vins de table rouge","uri":"boissons\/cave-a-vins\/vins-rouges\/vins-de-pays-vins-de-table-rouge","type":"RAYON","level":4,"sellerId":null}],"topCategoryName":"Boissons","images":[{"largest":"\/media\/1500x1500\/Photosite\/PGC\/BOISSONS\/3249381025661_PHOTOSITE_20200909_163514_0.jpg?placeholder=1","1500x1500":"\/media\/1500x1500\/Photosite\/PGC\/BOISSONS\/3249381025661_PHOTOSITE_20200909_163514_0.jpg?placeholder=1","540x540":"\/media\/540x540\/Photosite\/PGC\/BOISSONS\/3249381025661_PHOTOSITE_20200909_163514_0.jpg?placeholder=1","380x380":"\/media\/380x380\/Photosite\/PGC\/BOISSONS\/3249381025661_PHOTOSITE_20200909_163514_0.jpg?placeholder=1","340x340":"\/media\/340x340\/Photosite\/PGC\/BOISSONS\/3249381025661_PHOTOSITE_20200909_163514_0.jpg?placeholder=1","340x240":"\/media\/340x240\/Photosite\/PGC\/BOISSONS\/3249381025661_PHOTOSITE_20200909_163514_0.jpg?placeholder=1","280x280":"\/media\/280x280\/Photosite\/PGC\/BOISSONS\/3249381025661_PHOTOSITE_20200909_163514_0.jpg?placeholder=1","195x195":"\/media\/195x195\/Photosite\/PGC\/BOISSONS\/3249381025661_PHOTOSITE_20200909_163514_0.jpg?placeholder=1","150x150":"\/media\/150x150\/Photosite\/PGC\/BOISSONS\/3249381025661_PHOTOSITE_20200909_163514_0.jpg?placeholder=1","43x43":"\/media\/43x43\/Photosite\/PGC\/BOISSONS\/3249381025661_PHOTOSITE_20200909_163514_0.jpg?placeholder=1"}],"promotion":null,"isDonation":false,"highlightLabel":null,"seller":null,"sellerId":null,"marketplace":null,"freshness":null,"traceability":null,"flags":[],"clubs":[],"packaging":"la bouteille de 75cL","origin":"","format":"75cL"},"relationships":{"substitution":null},"meta":{"recommendation":null,"cta":"buy","features":{"shoppingList":true,"deletable":false,"swap":false,"feedback":false,"freshness":true}},"links":{"self":"\/p\/boisson-artis-syrah-sans-alcool-3249381025661?t=27074"}},{"type":"product","id":"product-8001929062201","attributes":{"ean":"8001929062201","cdbase":"1226441","title":"Vin p\u00e9tillant rouge Lambrusco DOC Italie AMABILE DI MODENA","brand":"REFS.SANS MARQUE","slug":"vin-petillant-rouge-lambrusco-doc-italie-amabile-di-modena","availability":{"indispensable":false,"purchasable":true,"stopped":false,"suspended":false,"suspensionReason":null,"checkable":false,"currentStoreOffer":null},"price":{"price":2.9900000000000002,"unitOfMeasure":"Litre","perUnitLabel":"3.99 \u20ac \/ Litre","taxMessage":"","perUnit":3.9900000000000002},"ordering":{"min":1,"step":1,"max":6},"offerServiceId":"0261-150-6","uri":"boissons\/cave-a-vins\/vins-etrangers","categories":[{"id":"27070","code":"R10","slug":"boissons","label":"Boissons","uri":"boissons","type":"RAYON","level":1,"sellerId":null},{"id":"27074","code":"R10F02","slug":"cave-a-vins","label":"Cave \u00e0 vins","uri":"boissons\/cave-a-vins","type":"RAYON","level":2,"sellerId":null},{"id":"27139","code":"R10F02SF04","slug":"vins-etrangers","label":"Vins \u00e9trangers","uri":"boissons\/cave-a-vins\/vins-etrangers","type":"RAYON","level":3,"sellerId":null}],"topCategoryName":"Boissons","images":[{"largest":"\/media\/1500x1500\/Photosite\/PGC\/BOISSONS\/8001929062201_PHOTOSITE_20200228_081616_0.jpg?placeholder=1","1500x1500":"\/media\/1500x1500\/Photosite\/PGC\/BOISSONS\/8001929062201_PHOTOSITE_20200228_081616_0.jpg?placeholder=1","540x540":"\/media\/540x540\/Photosite\/PGC\/BOISSONS\/8001929062201_PHOTOSITE_20200228_081616_0.jpg?placeholder=1","380x380":"\/media\/380x380\/Photosite\/PGC\/BOISSONS\/8001929062201_PHOTOSITE_20200228_081616_0.jpg?placeholder=1","340x340":"\/media\/340x340\/Photosite\/PGC\/BOISSONS\/8001929062201_PHOTOSITE_20200228_081616_0.jpg?placeholder=1","340x240":"\/media\/340x240\/Photosite\/PGC\/BOISSONS\/8001929062201_PHOTOSITE_20200228_081616_0.jpg?placeholder=1","280x280":"\/media\/280x280\/Photosite\/PGC\/BOISSONS\/8001929062201_PHOTOSITE_20200228_081616_0.jpg?placeholder=1","195x195":"\/media\/195x195\/Photosite\/PGC\/BOISSONS\/8001929062201_PHOTOSITE_20200228_081616_0.jpg?placeholder=1","150x150":"\/media\/150x150\/Photosite\/PGC\/BOISSONS\/8001929062201_PHOTOSITE_20200228_081616_0.jpg?placeholder=1","43x43":"\/media\/43x43\/Photosite\/PGC\/BOISSONS\/8001929062201_PHOTOSITE_20200228_081616_0.jpg?placeholder=1"}],"promotion":null,"isDonation":false,"highlightLabel":null,"seller":null,"sellerId":null,"marketplace":null,"freshness":null,"traceability":null,"flags":[],"clubs":[],"packaging":"La bouteille de 75cL","origin":"","format":"75cL"},"relationships":{"substitution":null},"meta":{"recommendation":null,"cta":"buy","features":{"shoppingList":true,"deletable":false,"swap":false,"feedback":false,"freshness":true}},"links":{"self":"\/p\/vin-petillant-rouge-lambrusco-doc-italie-amabile-di-modena-8001929062201?t=27074"}},{"type":"product","id":"product-3245414903661","attributes":{"ean":"3245414903661","cdbase":"3818509","title":"Vin rouge C\u00f4tes de Bourg 2016 LA CAVE D'AUGUSTIN FLORENT","brand":"CAVE AUGUSTIN FLOREN","slug":"vin-rouge-cotes-de-bourg-2016-la-cave-d-augustin-florent","availability":{"indispensable":false,"purchasable":true,"stopped":false,"suspended":false,"suspensionReason":null,"checkable":false,"currentStoreOffer":null},"price":{"price":3.9500000000000002,"unitOfMeasure":"Litre","perUnitLabel":"5.27 \u20ac \/ Litre","taxMessage":"","perUnit":5.2699999999999996},"ordering":{"min":1,"step":1,"max":36},"offerServiceId":"0261-150-6","uri":"boissons\/cave-a-vins\/vins-rouges\/bordeaux","categories":[{"id":"27070","code":"R10","slug":"boissons","label":"Boissons","uri":"boissons","type":"RAYON","level":1,"sellerId":null},{"id":"27074","code":"R10F02","slug":"cave-a-vins","label":"Cave \u00e0 vins","uri":"boissons\/cave-a-vins","type":"RAYON","level":2,"sellerId":null},{"id":"27105","code":"R10F02SF01","slug":"vins-rouges","label":"Vins rouges","uri":"boissons\/cave-a-vins\/vins-rouges","type":"RAYON","level":3,"sellerId":null},{"id":"27141","code":"R10F02SF01SS01","slug":"bordeaux","label":"Bordeaux","uri":"boissons\/cave-a-vins\/vins-rouges\/bordeaux","type":"RAYON","level":4,"sellerId":null}],"topCategoryName":"Boissons","images":[{"largest":"\/media\/1500x1500\/Photosite\/PGC\/BOISSONS\/3245414903661_PHOTOSITE_20161008_084227_0.jpg?placeholder=1","1500x1500":"\/media\/1500x1500\/Photosite\/PGC\/BOISSONS\/3245414903661_PHOTOSITE_20161008_084227_0.jpg?placeholder=1","540x540":"\/media\/540x540\/Photosite\/PGC\/BOISSONS\/3245414903661_PHOTOSITE_20161008_084227_0.jpg?placeholder=1","380x380":"\/media\/380x380\/Photosite\/PGC\/BOISSONS\/3245414903661_PHOTOSITE_20161008_084227_0.jpg?placeholder=1","340x340":"\/media\/340x340\/Photosite\/PGC\/BOISSONS\/3245414903661_PHOTOSITE_20161008_084227_0.jpg?placeholder=1","340x240":"\/media\/340x240\/Photosite\/PGC\/BOISSONS\/3245414903661_PHOTOSITE_20161008_084227_0.jpg?placeholder=1","280x280":"\/media\/280x280\/Photosite\/PGC\/BOISSONS\/3245414903661_PHOTOSITE_20161008_084227_0.jpg?placeholder=1","195x195":"\/media\/195x195\/Photosite\/PGC\/BOISSONS\/3245414903661_PHOTOSITE_20161008_084227_0.jpg?placeholder=1","150x150":"\/media\/150x150\/Photosite\/PGC\/BOISSONS\/3245414903661_PHOTOSITE_20161008_084227_0.jpg?placeholder=1","43x43":"\/media\/43x43\/Photosite\/PGC\/BOISSONS\/3245414903661_PHOTOSITE_20161008_084227_0.jpg?placeholder=1"},{"largest":"\/media\/1500x1500\/Photosite\/PGC\/BOISSONS\/3245414903661_PHOTOSITE_20161008_084227_7.jpg?placeholder=1","1500x1500":"\/media\/1500x1500\/Photosite\/PGC\/BOISSONS\/3245414903661_PHOTOSITE_20161008_084227_7.jpg?placeholder=1","540x540":"\/media\/540x540\/Photosite\/PGC\/BOISSONS\/3245414903661_PHOTOSITE_20161008_084227_7.jpg?placeholder=1","380x380":"\/media\/380x380\/Photosite\/PGC\/BOISSONS\/3245414903661_PHOTOSITE_20161008_084227_7.jpg?placeholder=1","340x340":"\/media\/340x340\/Photosite\/PGC\/BOISSONS\/3245414903661_PHOTOSITE_20161008_084227_7.jpg?placeholder=1","340x240":"\/media\/340x240\/Photosite\/PGC\/BOISSONS\/3245414903661_PHOTOSITE_20161008_084227_7.jpg?placeholder=1","280x280":"\/media\/280x280\/Photosite\/PGC\/BOISSONS\/3245414903661_PHOTOSITE_20161008_084227_7.jpg?placeholder=1","195x195":"\/media\/195x195\/Photosite\/PGC\/BOISSONS\/3245414903661_PHOTOSITE_20161008_084227_7.jpg?placeholder=1","150x150":"\/media\/150x150\/Photosite\/PGC\/BOISSONS\/3245414903661_PHOTOSITE_20161008_084227_7.jpg?placeholder=1","43x43":"\/media\/43x43\/Photosite\/PGC\/BOISSONS\/3245414903661_PHOTOSITE_20161008_084227_7.jpg?placeholder=1"}],"promotion":null,"isDonation":false,"highlightLabel":null,"seller":null,"sellerId":null,"marketplace":null,"freshness":null,"traceability":null,"flags":[],"clubs":[],"packaging":"la bouteille de 75cl","origin":"","format":"75cL"},"relationships":{"substitution":null},"meta":{"recommendation":null,"cta":"buy","features":{"shoppingList":true,"deletable":false,"swap":false,"feedback":false,"freshness":true}},"links":{"self":"\/p\/vin-rouge-cotes-de-bourg-2016-la-cave-d-augustin-florent-3245414903661?t=27074"}},{"type":"product","id":"product-3245414879164","attributes":{"ean":"3245414879164","cdbase":"3804070","title":"Vin Rouge Vall\u00e9e du Rh\u00f4ne C\u00f4tes du Rh\u00f4ne LA CAVE D'AUGUSTIN FLORENT \"LES PIERRASQUES\"","brand":"CAVE AUGUSTIN FLOREN","slug":"vin-rouge-vallee-du-rhone-cotes-du-rhone-la-cave-d-augustin-florent-les-pierrasques","availability":{"indispensable":false,"purchasable":true,"stopped":false,"suspended":false,"suspensionReason":null,"checkable":false,"currentStoreOffer":null},"price":{"price":3.3500000000000001,"unitOfMeasure":"Litre","perUnitLabel":"4.47 \u20ac \/ Litre","taxMessage":"","perUnit":4.4699999999999998},"ordering":{"min":1,"step":1,"max":36},"offerServiceId":"0261-150-6","uri":"boissons\/cave-a-vins\/vins-rouges\/vallee-du-rhone","categories":[{"id":"27070","code":"R10","slug":"boissons","label":"Boissons","uri":"boissons","type":"RAYON","level":1,"sellerId":null},{"id":"27074","code":"R10F02","slug":"cave-a-vins","label":"Cave \u00e0 vins","uri":"boissons\/cave-a-vins","type":"RAYON","level":2,"sellerId":null},{"id":"27105","code":"R10F02SF01","slug":"vins-rouges","label":"Vins rouges","uri":"boissons\/cave-a-vins\/vins-rouges","type":"RAYON","level":3,"sellerId":null},{"id":"27142","code":"R10F02SF01SS02","slug":"vallee-du-rhone","label":"Vall\u00e9e du Rh\u00f4ne","uri":"boissons\/cave-a-vins\/vins-rouges\/vallee-du-rhone","type":"RAYON","level":4,"sellerId":null}],"topCategoryName":"Boissons","images":[{"largest":"\/media\/1500x1500\/Photosite\/PGC\/BOISSONS\/3245414879164_PHOTOSITE_20200822_053357_0.jpg?placeholder=1","1500x1500":"\/media\/1500x1500\/Photosite\/PGC\/BOISSONS\/3245414879164_PHOTOSITE_20200822_053357_0.jpg?placeholder=1","540x540":"\/media\/540x540\/Photosite\/PGC\/BOISSONS\/3245414879164_PHOTOSITE_20200822_053357_0.jpg?placeholder=1","380x380":"\/media\/380x380\/Photosite\/PGC\/BOISSONS\/3245414879164_PHOTOSITE_20200822_053357_0.jpg?placeholder=1","340x340":"\/media\/340x340\/Photosite\/PGC\/BOISSONS\/3245414879164_PHOTOSITE_20200822_053357_0.jpg?placeholder=1","340x240":"\/media\/340x240\/Photosite\/PGC\/BOISSONS\/3245414879164_PHOTOSITE_20200822_053357_0.jpg?placeholder=1","280x280":"\/media\/280x280\/Photosite\/PGC\/BOISSONS\/3245414879164_PHOTOSITE_20200822_053357_0.jpg?placeholder=1","195x195":"\/media\/195x195\/Photosite\/PGC\/BOISSONS\/3245414879164_PHOTOSITE_20200822_053357_0.jpg?placeholder=1","150x150":"\/media\/150x150\/Photosite\/PGC\/BOISSONS\/3245414879164_PHOTOSITE_20200822_053357_0.jpg?placeholder=1","43x43":"\/media\/43x43\/Photosite\/PGC\/BOISSONS\/3245414879164_PHOTOSITE_20200822_053357_0.jpg?placeholder=1"}],"promotion":null,"isDonation":false,"highlightLabel":null,"seller":null,"sellerId":null,"marketplace":null,"freshness":null,"traceability":null,"flags":["flag.common.glutenfree"],"clubs":[],"packaging":"la bouteille de 75cL - Vendues Par ","origin":"","format":"75cL"},"relationships":{"substitution":null},"meta":{"recommendation":null,"cta":"buy","features":{"shoppingList":true,"deletable":false,"swap":false,"feedback":false,"freshness":true}},"links":{"self":"\/p\/vin-rouge-vallee-du-rhone-cotes-du-rhone-la-cave-d-augustin-florent-les-pierrasques-3245414879164?t=27074"}},{"type":"product","id":"product-3245414974548","attributes":{"ean":"3245414974548","cdbase":"3880918","title":"Vin blanc vin de Savoie Apremont  CAVE AUGUSTIN FLORENT ","brand":"CAVE AUGUSTIN FLOREN","slug":"vin-blanc-vin-de-savoie-apremont-cave-augustin-florent","availability":{"indispensable":false,"purchasable":true,"stopped":false,"suspended":false,"suspensionReason":null,"checkable":false,"currentStoreOffer":null},"price":{"price":5.7999999999999998,"unitOfMeasure":"Litre","perUnitLabel":"7.73 \u20ac \/ Litre","taxMessage":"","perUnit":7.7300000000000004},"ordering":{"min":1,"step":1,"max":36},"offerServiceId":"0261-150-6","uri":"boissons\/cave-a-vins\/vins-blancs\/autres-regions","categories":[{"id":"27070","code":"R10","slug":"boissons","label":"Boissons","uri":"boissons","type":"RAYON","level":1,"sellerId":null},{"id":"27074","code":"R10F02","slug":"cave-a-vins","label":"Cave \u00e0 vins","uri":"boissons\/cave-a-vins","type":"RAYON","level":2,"sellerId":null},{"id":"27106","code":"R10F02SF02","slug":"vins-blancs","label":"Vins blancs","uri":"boissons\/cave-a-vins\/vins-blancs","type":"RAYON","level":3,"sellerId":null},{"id":"27159","code":"R10F02SF02SS09","slug":"autres-regions","label":"Autres r\u00e9gions","uri":"boissons\/cave-a-vins\/vins-blancs\/autres-regions","type":"RAYON","level":4,"sellerId":null}],"topCategoryName":"Boissons","images":[{"largest":"\/media\/1500x1500\/Photosite\/PGC\/BOISSONS\/3245414974548_PHOTOSITE_20180205_152506_0.jpg?placeholder=1","1500x1500":"\/media\/1500x1500\/Photosite\/PGC\/BOISSONS\/3245414974548_PHOTOSITE_20180205_152506_0.jpg?placeholder=1","540x540":"\/media\/540x540\/Photosite\/PGC\/BOISSONS\/3245414974548_PHOTOSITE_20180205_152506_0.jpg?placeholder=1","380x380":"\/media\/380x380\/Photosite\/PGC\/BOISSONS\/3245414974548_PHOTOSITE_20180205_152506_0.jpg?placeholder=1","340x340":"\/media\/340x340\/Photosite\/PGC\/BOISSONS\/3245414974548_PHOTOSITE_20180205_152506_0.jpg?placeholder=1","340x240":"\/media\/340x240\/Photosite\/PGC\/BOISSONS\/3245414974548_PHOTOSITE_20180205_152506_0.jpg?placeholder=1","280x280":"\/media\/280x280\/Photosite\/PGC\/BOISSONS\/3245414974548_PHOTOSITE_20180205_152506_0.jpg?placeholder=1","195x195":"\/media\/195x195\/Photosite\/PGC\/BOISSONS\/3245414974548_PHOTOSITE_20180205_152506_0.jpg?placeholder=1","150x150":"\/media\/150x150\/Photosite\/PGC\/BOISSONS\/3245414974548_PHOTOSITE_20180205_152506_0.jpg?placeholder=1","43x43":"\/media\/43x43\/Photosite\/PGC\/BOISSONS\/3245414974548_PHOTOSITE_20180205_152506_0.jpg?placeholder=1"},{"largest":"\/media\/1500x1500\/Photosite\/PGC\/BOISSONS\/3245414974548_PHOTOSITE_20140327_200507_7.jpg?placeholder=1","1500x1500":"\/media\/1500x1500\/Photosite\/PGC\/BOISSONS\/3245414974548_PHOTOSITE_20140327_200507_7.jpg?placeholder=1","540x540":"\/media\/540x540\/Photosite\/PGC\/BOISSONS\/3245414974548_PHOTOSITE_20140327_200507_7.jpg?placeholder=1","380x380":"\/media\/380x380\/Photosite\/PGC\/BOISSONS\/3245414974548_PHOTOSITE_20140327_200507_7.jpg?placeholder=1","340x340":"\/media\/340x340\/Photosite\/PGC\/BOISSONS\/3245414974548_PHOTOSITE_20140327_200507_7.jpg?placeholder=1","340x240":"\/media\/340x240\/Photosite\/PGC\/BOISSONS\/3245414974548_PHOTOSITE_20140327_200507_7.jpg?placeholder=1","280x280":"\/media\/280x280\/Photosite\/PGC\/BOISSONS\/3245414974548_PHOTOSITE_20140327_200507_7.jpg?placeholder=1","195x195":"\/media\/195x195\/Photosite\/PGC\/BOISSONS\/3245414974548_PHOTOSITE_20140327_200507_7.jpg?placeholder=1","150x150":"\/media\/150x150\/Photosite\/PGC\/BOISSONS\/3245414974548_PHOTOSITE_20140327_200507_7.jpg?placeholder=1","43x43":"\/media\/43x43\/Photosite\/PGC\/BOISSONS\/3245414974548_PHOTOSITE_20140327_200507_7.jpg?placeholder=1"}],"promotion":null,"isDonation":false,"highlightLabel":null,"seller":null,"sellerId":null,"marketplace":null,"freshness":null,"traceability":null,"flags":[],"clubs":[],"packaging":"la bouteille de 75cL","origin":"","format":"75cL"},"relationships":{"substitution":null},"meta":{"recommendation":null,"cta":"buy","features":{"shoppingList":true,"deletable":false,"swap":false,"feedback":false,"freshness":true}},"links":{"self":"\/p\/vin-blanc-vin-de-savoie-apremont-cave-augustin-florent-3245414974548?t=27074"}},{"type":"product","id":"product-3245414902442","attributes":{"ean":"3245414902442","cdbase":"3817633","title":"Vin rouge Buzet 2017 CARREFOUR","brand":"CAVE AUGUSTIN FLOREN","slug":"vin-rouge-buzet-2017-carrefour","availability":{"indispensable":false,"purchasable":true,"stopped":false,"suspended":false,"suspensionReason":null,"checkable":false,"currentStoreOffer":null},"price":{"price":4.0999999999999996,"unitOfMeasure":"Litre","perUnitLabel":"5.47 \u20ac \/ Litre","taxMessage":"","perUnit":5.4699999999999998},"ordering":{"min":1,"step":1,"max":36},"offerServiceId":"0261-150-6","uri":"boissons\/cave-a-vins\/vins-rouges\/sud-ouest","categories":[{"id":"27070","code":"R10","slug":"boissons","label":"Boissons","uri":"boissons","type":"RAYON","level":1,"sellerId":null},{"id":"27074","code":"R10F02","slug":"cave-a-vins","label":"Cave \u00e0 vins","uri":"boissons\/cave-a-vins","type":"RAYON","level":2,"sellerId":null},{"id":"27105","code":"R10F02SF01","slug":"vins-rouges","label":"Vins rouges","uri":"boissons\/cave-a-vins\/vins-rouges","type":"RAYON","level":3,"sellerId":null},{"id":"27145","code":"R10F02SF01SS05","slug":"sud-ouest","label":"Sud-Ouest","uri":"boissons\/cave-a-vins\/vins-rouges\/sud-ouest","type":"RAYON","level":4,"sellerId":null}],"topCategoryName":"Boissons","images":[{"largest":"\/media\/1500x1500\/Photosite\/PGC\/BOISSONS\/3245414902442_PHOTOSITE_20171114_142620_0.jpg?placeholder=1","1500x1500":"\/media\/1500x1500\/Photosite\/PGC\/BOISSONS\/3245414902442_PHOTOSITE_20171114_142620_0.jpg?placeholder=1","540x540":"\/media\/540x540\/Photosite\/PGC\/BOISSONS\/3245414902442_PHOTOSITE_20171114_142620_0.jpg?placeholder=1","380x380":"\/media\/380x380\/Photosite\/PGC\/BOISSONS\/3245414902442_PHOTOSITE_20171114_142620_0.jpg?placeholder=1","340x340":"\/media\/340x340\/Photosite\/PGC\/BOISSONS\/3245414902442_PHOTOSITE_20171114_142620_0.jpg?placeholder=1","340x240":"\/media\/340x240\/Photosite\/PGC\/BOISSONS\/3245414902442_PHOTOSITE_20171114_142620_0.jpg?placeholder=1","280x280":"\/media\/280x280\/Photosite\/PGC\/BOISSONS\/3245414902442_PHOTOSITE_20171114_142620_0.jpg?placeholder=1","195x195":"\/media\/195x195\/Photosite\/PGC\/BOISSONS\/3245414902442_PHOTOSITE_20171114_142620_0.jpg?placeholder=1","150x150":"\/media\/150x150\/Photosite\/PGC\/BOISSONS\/3245414902442_PHOTOSITE_20171114_142620_0.jpg?placeholder=1","43x43":"\/media\/43x43\/Photosite\/PGC\/BOISSONS\/3245414902442_PHOTOSITE_20171114_142620_0.jpg?placeholder=1"},{"largest":"\/media\/1500x1500\/Photosite\/PGC\/BOISSONS\/3245414902442_PHOTOSITE_20140327_183417_7.jpg?placeholder=1","1500x1500":"\/media\/1500x1500\/Photosite\/PGC\/BOISSONS\/3245414902442_PHOTOSITE_20140327_183417_7.jpg?placeholder=1","540x540":"\/media\/540x540\/Photosite\/PGC\/BOISSONS\/3245414902442_PHOTOSITE_20140327_183417_7.jpg?placeholder=1","380x380":"\/media\/380x380\/Photosite\/PGC\/BOISSONS\/3245414902442_PHOTOSITE_20140327_183417_7.jpg?placeholder=1","340x340":"\/media\/340x340\/Photosite\/PGC\/BOISSONS\/3245414902442_PHOTOSITE_20140327_183417_7.jpg?placeholder=1","340x240":"\/media\/340x240\/Photosite\/PGC\/BOISSONS\/3245414902442_PHOTOSITE_20140327_183417_7.jpg?placeholder=1","280x280":"\/media\/280x280\/Photosite\/PGC\/BOISSONS\/3245414902442_PHOTOSITE_20140327_183417_7.jpg?placeholder=1","195x195":"\/media\/195x195\/Photosite\/PGC\/BOISSONS\/3245414902442_PHOTOSITE_20140327_183417_7.jpg?placeholder=1","150x150":"\/media\/150x150\/Photosite\/PGC\/BOISSONS\/3245414902442_PHOTOSITE_20140327_183417_7.jpg?placeholder=1","43x43":"\/media\/43x43\/Photosite\/PGC\/BOISSONS\/3245414902442_PHOTOSITE_20140327_183417_7.jpg?placeholder=1"}],"promotion":null,"isDonation":false,"highlightLabel":null,"seller":null,"sellerId":null,"marketplace":null,"freshness":null,"traceability":null,"flags":[],"clubs":[],"packaging":"la bouteille de 75cL","origin":"","format":"75cL"},"relationships":{"substitution":null},"meta":{"recommendation":null,"cta":"buy","features":{"shoppingList":true,"deletable":false,"swap":false,"feedback":false,"freshness":true}},"links":{"self":"\/p\/vin-rouge-buzet-2017-carrefour-3245414902442?t=27074"}}],"links":{"default":"\/r\/boissons\/cave-a-vins","self":"\/r\/boissons\/cave-a-vins?noRedirect=0","prev":null,"next":"\/r\/boissons\/cave-a-vins?noRedirect=0&page=2","last":"\/r\/boissons\/cave-a-vins?noRedirect=0&page=78"},"meta":{"total":4655,"itemsPerPage":60,"totalPage":78,"currentPage":1,"suggestions":[],"autocorrect":null,"searchType":"","keyword":null,"facets":[{"type":"checkbox","field":"facet_promotions","label":"Promotions","selected":false,"topTerms":[{"label":"Toutes les promotions","count":961,"selected":false,"code":null,"id":null},{"label":"Remises imm\u00e9diates","count":960,"selected":false,"code":null,"id":null},{"label":"Cagnotte fid\u00e9lit\u00e9","count":1,"selected":false,"code":null,"id":null},{"label":"Vu en catalogue","count":37,"selected":false,"code":null,"id":null},{"label":"Prime bio","count":3,"selected":false,"code":null,"id":null}],"ranges":[]},{"type":"checkbox","field":"facet_marque","label":"Marque","selected":false,"topTerms":[{"label":"CARREFOUR","count":4,"selected":false,"code":null,"id":null},{"label":"MARQUE INCONNUE","count":1599,"selected":false,"code":null,"id":null},{"label":"LA CAVE D'AUGUSTIN FLORENT","count":60,"selected":false,"code":null,"id":null},{"label":"JEMANGEFRAN\u00c7AIS.COM","count":30,"selected":false,"code":null,"id":null},{"label":"1964","count":22,"selected":false,"code":null,"id":null},{"label":"1970","count":10,"selected":false,"code":null,"id":null},{"label":"LES PETITES CAVES","count":8,"selected":false,"code":null,"id":null},{"label":"ROCHE MAZET","count":8,"selected":false,"code":null,"id":null},{"label":"AUTREMENT","count":7,"selected":false,"code":null,"id":null},{"label":"CAVE AUGUSTIN FLORENT","count":7,"selected":false,"code":null,"id":null},{"label":"LA FRANCETTE","count":5,"selected":false,"code":null,"id":null},{"label":"RESERVE DU PRESIDENT","count":5,"selected":false,"code":null,"id":null},{"label":"VIGNERON DU C\u00c9OU VIN DE DOMME","count":5,"selected":false,"code":null,"id":null},{"label":"WOLFBERGER","count":5,"selected":false,"code":null,"id":null},{"label":"BEAUVAL","count":4,"selected":false,"code":null,"id":null},{"label":"CHATEAU MONTGAILLARD","count":4,"selected":false,"code":null,"id":null},{"label":"DAME D'ELNE","count":4,"selected":false,"code":null,"id":null},{"label":"DUC DE TERMES","count":4,"selected":false,"code":null,"id":null},{"label":"MAISON MARLERE","count":4,"selected":false,"code":null,"id":null},{"label":"MARQUIS DE SEILLAN","count":4,"selected":false,"code":null,"id":null},{"label":"MONTMIREL","count":4,"selected":false,"code":null,"id":null},{"label":"PLAN\u00c8TE DRINKS","count":4,"selected":false,"code":null,"id":null},{"label":"PREMIERS PRIX","count":4,"selected":false,"code":null,"id":null},{"label":"VIGNOBLES DOM BRIAL","count":4,"selected":false,"code":null,"id":null},{"label":"2014","count":3,"selected":false,"code":null,"id":null},{"label":"2015","count":3,"selected":false,"code":null,"id":null},{"label":"BERNARD MAGREZ","count":3,"selected":false,"code":null,"id":null},{"label":"CARTE D'OR","count":3,"selected":false,"code":null,"id":null},{"label":"CELLIER DES DAUPHINS","count":3,"selected":false,"code":null,"id":null},{"label":"CHATEAU REILLANNE \"GRANDE RESERVE\"","count":3,"selected":false,"code":null,"id":null},{"label":"CHATEAU VIRANT","count":3,"selected":false,"code":null,"id":null},{"label":"CHEMIN DES OLIVETTES \"CAVE DE ROQUEBRUN\"","count":3,"selected":false,"code":null,"id":null},{"label":"DIAPASON","count":3,"selected":false,"code":null,"id":null},{"label":"DOMAINE DE LABALLE","count":3,"selected":false,"code":null,"id":null},{"label":"DOMAINE DE MONTCALM","count":3,"selected":false,"code":null,"id":null},{"label":"DOMAINE DES GRAVENNES","count":3,"selected":false,"code":null,"id":null},{"label":"DOMAINE DES MAZES","count":3,"selected":false,"code":null,"id":null},{"label":"GRAND MOMENT \"CUVEE D'EXCEPTION\"","count":3,"selected":false,"code":null,"id":null},{"label":"JP CHENET","count":3,"selected":false,"code":null,"id":null},{"label":"L'HERITAGE DE CARILLAN","count":3,"selected":false,"code":null,"id":null},{"label":"LA BURGONDIE","count":3,"selected":false,"code":null,"id":null},{"label":"LA VILLAGEOISE","count":3,"selected":false,"code":null,"id":null},{"label":"LE PERUSSIER","count":3,"selected":false,"code":null,"id":null},{"label":"LEO DE LA GAFFELIERE","count":3,"selected":false,"code":null,"id":null},{"label":"MOUTON CADET","count":3,"selected":false,"code":null,"id":null},{"label":"NAUDIN VARRAULT","count":3,"selected":false,"code":null,"id":null},{"label":"TERRE EULALIE","count":3,"selected":false,"code":null,"id":null},{"label":"VERY","count":3,"selected":false,"code":null,"id":null},{"label":"VIGNOBLES BERTHIER","count":3,"selected":false,"code":null,"id":null},{"label":"2013","count":2,"selected":false,"code":null,"id":null},{"label":"ARNAUD DE VILLENEUVE","count":2,"selected":false,"code":null,"id":null},{"label":"ARTHUR METZ","count":2,"selected":false,"code":null,"id":null},{"label":"AUTREMENT BIO","count":2,"selected":false,"code":null,"id":null},{"label":"BEARN","count":2,"selected":false,"code":null,"id":null},{"label":"BONNE NOUVELLE","count":2,"selected":false,"code":null,"id":null},{"label":"CAP NATURE","count":2,"selected":false,"code":null,"id":null},{"label":"CARREFOUR SELECTION GRENACHE SYRAH","count":2,"selected":false,"code":null,"id":null},{"label":"CHAT. ST LAURENT L'ORT","count":2,"selected":false,"code":null,"id":null},{"label":"CHATEAU BELLEVUE","count":2,"selected":false,"code":null,"id":null},{"label":"CHATEAU DE LIONNE","count":2,"selected":false,"code":null,"id":null},{"label":"CHATEAU DES ANTONINS","count":2,"selected":false,"code":null,"id":null},{"label":"CHATEAU HAUTES TERRES \"REFLETS DE FRANCE\"","count":2,"selected":false,"code":null,"id":null},{"label":"CHATEAU LA BORIE","count":2,"selected":false,"code":null,"id":null},{"label":"CHATEAU LABROUSSE \"REFLETS DE FRANCE\"","count":2,"selected":false,"code":null,"id":null},{"label":"CHATEAU REILLANNE","count":2,"selected":false,"code":null,"id":null},{"label":"CHATEAU SAINT HILAIRE","count":2,"selected":false,"code":null,"id":null},{"label":"DOMAINE DE L'ERMITAGE","count":2,"selected":false,"code":null,"id":null},{"label":"DOMAINE DES PASQUIERS","count":2,"selected":false,"code":null,"id":null},{"label":"DOMAINE GOISOT","count":2,"selected":false,"code":null,"id":null},{"label":"DOMAINE GUIGAL","count":2,"selected":false,"code":null,"id":null},{"label":"DOMAINE LA VIGNE BARBE","count":2,"selected":false,"code":null,"id":null},{"label":"DUC DE LYS","count":2,"selected":false,"code":null,"id":null},{"label":"FEELNESS","count":2,"selected":false,"code":null,"id":null},{"label":"GANICHAUD","count":2,"selected":false,"code":null,"id":null},{"label":"GERARD BERTRAND","count":2,"selected":false,"code":null,"id":null},{"label":"GRANDE RESERVE","count":2,"selected":false,"code":null,"id":null},{"label":"HECOSFAIR","count":2,"selected":false,"code":null,"id":null},{"label":"HERMON","count":2,"selected":false,"code":null,"id":null},{"label":"JEAN GEILER","count":2,"selected":false,"code":null,"id":null},{"label":"JP. CHENET","count":2,"selected":false,"code":null,"id":null},{"label":"L'INDOMPTABLE DE CIGALUS","count":2,"selected":false,"code":null,"id":null},{"label":"LA MAISON DES MAINES","count":2,"selected":false,"code":null,"id":null},{"label":"LACOUR PEYRADE","count":2,"selected":false,"code":null,"id":null},{"label":"LE BON ROY HENRY","count":2,"selected":false,"code":null,"id":null},{"label":"LE PETIT BERET","count":2,"selected":false,"code":null,"id":null},{"label":"LES 3 LYS","count":2,"selected":false,"code":null,"id":null},{"label":"LISTEL","count":2,"selected":false,"code":null,"id":null},{"label":"MANOIR DE LA GRELIERE \"REFLETS DE FRANCE\"","count":2,"selected":false,"code":null,"id":null},{"label":"MAS SAINT PIERRE","count":2,"selected":false,"code":null,"id":null},{"label":"MONT LAUR","count":2,"selected":false,"code":null,"id":null},{"label":"NATURAE","count":2,"selected":false,"code":null,"id":null},{"label":"PERE FOURAS ","count":2,"selected":false,"code":null,"id":null},{"label":"QU'AIMARY","count":2,"selected":false,"code":null,"id":null},{"label":"RASIGUERES","count":2,"selected":false,"code":null,"id":null},{"label":"RESERVE DE PADULONE","count":2,"selected":false,"code":null,"id":null},{"label":"S DU SARTRE","count":2,"selected":false,"code":null,"id":null},{"label":"SECRETS DE CHAI","count":2,"selected":false,"code":null,"id":null},{"label":"SEIGNEUR DE LAURET","count":2,"selected":false,"code":null,"id":null},{"label":"SIEUR D'ARQUES","count":2,"selected":false,"code":null,"id":null},{"label":"TERRABIO","count":2,"selected":false,"code":null,"id":null}],"ranges":[]},{"type":"checkbox","field":"facet_enseignes","label":"Services","selected":false,"topTerms":[{"label":"Vendeurs partenaires","count":3591,"selected":false,"code":null,"id":null},{"label":"Drive ou livraison \u00e0 domicile","count":1064,"selected":false,"code":null,"id":null}],"ranges":[]},{"type":"checkbox","field":"facet_couleur","label":"Couleur","selected":false,"topTerms":[{"label":"rouge","count":2465,"selected":false,"code":null,"id":null},{"label":"Blanc","count":977,"selected":false,"code":null,"id":null},{"label":"Rouge","count":322,"selected":false,"code":null,"id":null},{"label":"rose","count":194,"selected":false,"code":null,"id":null},{"label":"Ros\u00e9","count":168,"selected":false,"code":null,"id":null},{"label":"jaune","count":1,"selected":false,"code":null,"id":null}],"ranges":[]},{"type":"allergobox","field":"facet_regimes_allergobox","label":"Pr\u00e9f\u00e9rences alimentaires","selected":false,"topTerms":[{"label":"V\u00e9g\u00e9tarien*","count":5,"selected":false,"code":null,"id":null},{"label":"Halal*","count":2,"selected":false,"code":null,"id":null}],"ranges":[]},{"type":"allergobox","field":"facet_sans_allergene_allergobox","label":"Allerg\u00e8nes","selected":false,"topTerms":[{"label":"Sans gluten*","count":134,"selected":false,"code":null,"id":null}],"ranges":[]},{"type":"allergobox","field":"facet_labels_allergobox","label":"Labels qualit\u00e9","selected":false,"topTerms":[{"label":"Indication g\u00e9ographique prot\u00e9g\u00e9e*","count":123,"selected":false,"code":null,"id":null},{"label":"Bio*","count":108,"selected":false,"code":null,"id":null},{"label":"Appellation d'origine prot\u00e9g\u00e9e*","count":87,"selected":false,"code":null,"id":null},{"label":"Fabriqu\u00e9 en France*","count":46,"selected":false,"code":null,"id":null}],"ranges":[]},{"type":"allergobox","field":"facet_sans_substances_allergobox","label":"Sans substances controvers\u00e9es","selected":false,"topTerms":[{"label":"Sans OGM*","count":10,"selected":false,"code":null,"id":null},{"label":"Sans colorant artificiel*","count":5,"selected":false,"code":null,"id":null}],"ranges":[]},{"type":"checkbox","field":"facet_nutriscore","label":"Nutriscore","selected":false,"topTerms":[{"label":"A","count":8,"selected":false,"code":null,"id":null},{"label":"B","count":2,"selected":false,"code":null,"id":null},{"label":"E","count":1,"selected":false,"code":null,"id":null}],"ranges":[]},{"type":"checkbox","field":"facet_region_vin","label":"R\u00e9gion","selected":false,"topTerms":[{"label":"Bordeaux","count":165,"selected":false,"code":null,"id":null},{"label":"Sud-Ouest","count":120,"selected":false,"code":null,"id":null},{"label":"Bourgogne","count":99,"selected":false,"code":null,"id":null},{"label":"Rh\u00f4ne","count":99,"selected":false,"code":null,"id":null},{"label":"Languedoc - Roussillon","count":90,"selected":false,"code":null,"id":null},{"label":"Loire","count":81,"selected":false,"code":null,"id":null},{"label":"Provence","count":67,"selected":false,"code":null,"id":null},{"label":"Savoie - Jura","count":42,"selected":false,"code":null,"id":null},{"label":"Alsace","count":29,"selected":false,"code":null,"id":null},{"label":"Beaujolais","count":18,"selected":false,"code":null,"id":null},{"label":"Corse","count":6,"selected":false,"code":null,"id":null}],"ranges":[]},{"type":"checkbox","field":"facet_appellation","label":"Appellation","selected":false,"topTerms":[{"label":"Bordeaux","count":59,"selected":false,"code":null,"id":null},{"label":"Saint-Emilion","count":21,"selected":false,"code":null,"id":null},{"label":"Juran\u00e7on","count":19,"selected":false,"code":null,"id":null},{"label":"Bordeaux sup\u00e9rieur","count":14,"selected":false,"code":null,"id":null},{"label":"C\u00f4tes de Bordeaux","count":13,"selected":false,"code":null,"id":null},{"label":"Chablis","count":12,"selected":false,"code":null,"id":null},{"label":"Coteaux D'Aix-En-Provence","count":12,"selected":false,"code":null,"id":null},{"label":"M\u00e9doc","count":12,"selected":false,"code":null,"id":null},{"label":"Haut-M\u00e9doc","count":11,"selected":false,"code":null,"id":null},{"label":"Pessac-L\u00e9ognan","count":11,"selected":false,"code":null,"id":null},{"label":"Apremont","count":9,"selected":false,"code":null,"id":null},{"label":"Bandol","count":9,"selected":false,"code":null,"id":null},{"label":"Cabernet D'Anjou","count":9,"selected":false,"code":null,"id":null},{"label":"Macon","count":9,"selected":false,"code":null,"id":null},{"label":"Saumur","count":9,"selected":false,"code":null,"id":null},{"label":"Bergerac","count":8,"selected":false,"code":null,"id":null},{"label":"Abymes","count":7,"selected":false,"code":null,"id":null},{"label":"Cahors","count":7,"selected":false,"code":null,"id":null},{"label":"Chinon","count":7,"selected":false,"code":null,"id":null},{"label":"Mediran","count":7,"selected":false,"code":null,"id":null},{"label":"Saint-Loup","count":7,"selected":false,"code":null,"id":null},{"label":"Aligot\u00e9","count":6,"selected":false,"code":null,"id":null},{"label":"Chignin","count":6,"selected":false,"code":null,"id":null},{"label":"Corbieres","count":6,"selected":false,"code":null,"id":null},{"label":"Coteaux-Varois-En-Provence","count":6,"selected":false,"code":null,"id":null},{"label":"Bourgueil","count":5,"selected":false,"code":null,"id":null},{"label":"Brouilly","count":5,"selected":false,"code":null,"id":null},{"label":"Coteaux Du Layon","count":5,"selected":false,"code":null,"id":null},{"label":"C\u00f4te De Nuit","count":5,"selected":false,"code":null,"id":null},{"label":"Saint Veran","count":5,"selected":false,"code":null,"id":null},{"label":"Luberon","count":4,"selected":false,"code":null,"id":null},{"label":"Minervois","count":4,"selected":false,"code":null,"id":null},{"label":"Pacherenc","count":4,"selected":false,"code":null,"id":null},{"label":"Roussette","count":4,"selected":false,"code":null,"id":null},{"label":"Saint-Estephe","count":4,"selected":false,"code":null,"id":null},{"label":"Sauternes","count":4,"selected":false,"code":null,"id":null},{"label":"Anjou","count":3,"selected":false,"code":null,"id":null},{"label":"Buzet","count":3,"selected":false,"code":null,"id":null},{"label":"B\u00e9arn","count":3,"selected":false,"code":null,"id":null},{"label":"Ch\u00e2teauneuf-Du-Pape","count":3,"selected":false,"code":null,"id":null},{"label":"C\u00f4te De Beaune","count":3,"selected":false,"code":null,"id":null},{"label":"C\u00f4tes-Du-Rh\u00f4ne","count":3,"selected":false,"code":null,"id":null},{"label":"Gaillac","count":3,"selected":false,"code":null,"id":null},{"label":"Menetou","count":3,"selected":false,"code":null,"id":null},{"label":"Mercurey","count":3,"selected":false,"code":null,"id":null},{"label":"Monbazillac","count":3,"selected":false,"code":null,"id":null},{"label":"Morgon","count":3,"selected":false,"code":null,"id":null},{"label":"Pic-Saint-Loup","count":3,"selected":false,"code":null,"id":null},{"label":"Pouilly Fuisse","count":3,"selected":false,"code":null,"id":null},{"label":"Pouilly Fume","count":3,"selected":false,"code":null,"id":null},{"label":"Saint-Chinian","count":3,"selected":false,"code":null,"id":null},{"label":"Sancerre  Blanc","count":3,"selected":false,"code":null,"id":null},{"label":"Ventoux","count":3,"selected":false,"code":null,"id":null},{"label":"Condrieu","count":2,"selected":false,"code":null,"id":null},{"label":"Costi\u00e8res De N\u00eemes","count":2,"selected":false,"code":null,"id":null},{"label":"Coteaux D'Aix","count":2,"selected":false,"code":null,"id":null},{"label":"Entre Deux Mers","count":2,"selected":false,"code":null,"id":null},{"label":"Gigondas","count":2,"selected":false,"code":null,"id":null},{"label":"Loupiac","count":2,"selected":false,"code":null,"id":null},{"label":"Margaux","count":2,"selected":false,"code":null,"id":null},{"label":"Meursault","count":2,"selected":false,"code":null,"id":null},{"label":"Pauillac","count":2,"selected":false,"code":null,"id":null},{"label":"Picpoul De Pinet","count":2,"selected":false,"code":null,"id":null},{"label":"Rose D'Anjou","count":2,"selected":false,"code":null,"id":null},{"label":"Saint Croix Mony","count":2,"selected":false,"code":null,"id":null},{"label":"Saint-Julien","count":2,"selected":false,"code":null,"id":null},{"label":"Costi\u00e8res-De-N\u00eemes","count":1,"selected":false,"code":null,"id":null},{"label":"C\u00f4te Chalonnaise","count":1,"selected":false,"code":null,"id":null},{"label":"C\u00f4tes-Du-Jura","count":1,"selected":false,"code":null,"id":null},{"label":"Fitou","count":1,"selected":false,"code":null,"id":null},{"label":"Juli\u00e9nas","count":1,"selected":false,"code":null,"id":null},{"label":"Limoux","count":1,"selected":false,"code":null,"id":null},{"label":"Listrac","count":1,"selected":false,"code":null,"id":null},{"label":"Marsannay","count":1,"selected":false,"code":null,"id":null},{"label":"Moulin-\u00c0-Vent","count":1,"selected":false,"code":null,"id":null},{"label":"Moulis","count":1,"selected":false,"code":null,"id":null},{"label":"Passetoutgrain","count":1,"selected":false,"code":null,"id":null},{"label":"Pomerol","count":1,"selected":false,"code":null,"id":null},{"label":"Premi\u00e8res-C\u00f4tes-De-Bordeaux","count":1,"selected":false,"code":null,"id":null},{"label":"Quincy","count":1,"selected":false,"code":null,"id":null},{"label":"Ros\u00e9-De-Loire","count":1,"selected":false,"code":null,"id":null},{"label":"Sain Pour\u00e7ain","count":1,"selected":false,"code":null,"id":null},{"label":"Saint-Joseph","count":1,"selected":false,"code":null,"id":null},{"label":"Tavel","count":1,"selected":false,"code":null,"id":null},{"label":"Vouvray","count":1,"selected":false,"code":null,"id":null}],"ranges":[]},{"type":"checkbox","field":"facet_cepage","label":"C\u00e9page","selected":false,"topTerms":[{"label":"Muscadet","count":12,"selected":false,"code":null,"id":null},{"label":"Pinot noir","count":10,"selected":false,"code":null,"id":null},{"label":"Riesling","count":8,"selected":false,"code":null,"id":null},{"label":"Gewurtzraminer","count":6,"selected":false,"code":null,"id":null},{"label":"Gros plant","count":3,"selected":false,"code":null,"id":null},{"label":"Sauvignon","count":3,"selected":false,"code":null,"id":null},{"label":"Sylvaner","count":3,"selected":false,"code":null,"id":null},{"label":"Tokay","count":3,"selected":false,"code":null,"id":null},{"label":"Gamay","count":2,"selected":false,"code":null,"id":null},{"label":"Pinot blanc","count":1,"selected":false,"code":null,"id":null}],"ranges":[]},{"type":"checkbox","field":"offers.shop_name","label":"Vendeurs","selected":false,"topTerms":[{"label":"LabelSource","count":861,"selected":false,"code":null,"id":null},{"label":"Gpasplus","count":838,"selected":false,"code":null,"id":null},{"label":"Cavagogo","count":717,"selected":false,"code":null,"id":null},{"label":"1 histoire de vins","count":646,"selected":false,"code":null,"id":null},{"label":"LAVINIA FRANCE","count":240,"selected":false,"code":null,"id":null},{"label":"PLANETE DRINKS","count":91,"selected":false,"code":null,"id":null},{"label":"Le Vin \u00c9moi","count":78,"selected":false,"code":null,"id":null},{"label":"jemangefrancais","count":30,"selected":false,"code":null,"id":null},{"label":"GROSKASH","count":29,"selected":false,"code":null,"id":null},{"label":"Le Refuge de Marie-Louise","count":12,"selected":false,"code":null,"id":null},{"label":"Toilinux","count":11,"selected":false,"code":null,"id":null},{"label":"Chateau Corbiac Pecharmant","count":10,"selected":false,"code":null,"id":null},{"label":"Ch\u00e2teau la Capelle","count":9,"selected":false,"code":null,"id":null},{"label":"Cellier du P\u00e9rigord","count":8,"selected":false,"code":null,"id":null},{"label":"Cestino Italiano","count":3,"selected":false,"code":null,"id":null},{"label":"HECOSFAIR","count":2,"selected":false,"code":null,"id":null},{"label":"Mon Epicerie Fine de Terroir","count":2,"selected":false,"code":null,"id":null},{"label":"SpnDrinks","count":2,"selected":false,"code":null,"id":null},{"label":"BoStyleConfort - \u00c9picerie d'Asie","count":1,"selected":false,"code":null,"id":null},{"label":"Middle East Market","count":1,"selected":false,"code":null,"id":null}],"ranges":[]}],"navigationFacet":null,"promoFacets":null,"currentSort":null,"sortOptions":["facet_price","productSimpleView.pricePerUnitCents"],"breadcrumb":[{"id":"27070","code":"R10","slug":"boissons","label":"Boissons","uri":"boissons","type":"RAYON","level":1,"sellerId":null,"link":"\/r\/boissons"},{"id":"27074","code":"R10F02","slug":"cave-a-vins","label":"Cave \u00e0 vins","uri":"boissons\/cave-a-vins","type":"RAYON","level":2,"sellerId":null,"link":"\/r\/boissons\/cave-a-vins"}],"sideMenu":{"navigation":[{"name":"Boissons","code":"R10","id":"27070","type":"RAYON","picto":"https:\/\/media.carrefour.fr\/medias\/5994db3414e934f68edcb2a3cd59ba20\/p_96x96\/27070.jpg","level":1,"sellerId":null,"slug":"boissons","selected":false,"children":[{"name":"Champagnes et P\u00e9tillants","code":"R10F01","id":"27075","type":"RAYON","picto":null,"level":2,"sellerId":null,"slug":"champagnes-petillants","selected":false,"children":[],"layers":"\/navigation\/27075\/layers","link":"\/r\/boissons\/champagnes-petillants"},{"name":"Cave \u00e0 vins","code":"R10F02","id":"27074","type":"RAYON","picto":null,"level":2,"sellerId":null,"slug":"cave-a-vins","selected":false,"children":[],"layers":"\/navigation\/27074\/layers","link":"\/r\/boissons\/cave-a-vins"},{"name":"Bi\u00e8res et Cidres","code":"R10F03","id":"27076","type":"RAYON","picto":null,"level":2,"sellerId":null,"slug":"bieres-cidres","selected":false,"children":[],"layers":"\/navigation\/27076\/layers","link":"\/r\/boissons\/bieres-cidres"},{"name":"Ap\u00e9ritifs et Spiritueux","code":"R10F04","id":"27077","type":"RAYON","picto":null,"level":2,"sellerId":null,"slug":"aperitifs-et-spiritueux","selected":false,"children":[],"layers":"\/navigation\/27077\/layers","link":"\/r\/boissons\/aperitifs-et-spiritueux"},{"name":"Eaux","code":"R10F05","id":"27071","type":"RAYON","picto":null,"level":2,"sellerId":null,"slug":"eaux","selected":false,"children":[],"layers":"\/navigation\/27071\/layers","link":"\/r\/boissons\/eaux"},{"name":"Jus de fruits et L\u00e9gumes","code":"R10F06","id":"27072","type":"RAYON","picto":null,"level":2,"sellerId":null,"slug":"jus-fruits-legumes","selected":false,"children":[],"layers":"\/navigation\/27072\/layers","link":"\/r\/boissons\/jus-fruits-legumes"},{"name":"Colas, Th\u00e9s glac\u00e9s et Softs","code":"R10F07","id":"27073","type":"RAYON","picto":null,"level":2,"sellerId":null,"slug":"colas-thes-glaces-et-soft-drinks","selected":false,"children":[],"layers":"\/navigation\/27073\/layers","link":"\/r\/boissons\/colas-thes-glaces-et-soft-drinks"}],"layers":"\/navigation\/27070\/layers","link":"\/r\/boissons"},{"name":"Cave \u00e0 vins","code":"R10F02","id":"27074","type":"RAYON","picto":null,"level":2,"sellerId":null,"slug":"cave-a-vins","selected":false,"children":[{"name":"Vins rouges","code":"R10F02SF01","id":"27105","type":"RAYON","picto":null,"level":3,"sellerId":null,"slug":"vins-rouges","selected":false,"children":[],"layers":"\/navigation\/27105\/layers","link":"\/r\/boissons\/cave-a-vins\/vins-rouges"},{"name":"Vins blancs","code":"R10F02SF02","id":"27106","type":"RAYON","picto":null,"level":3,"sellerId":null,"slug":"vins-blancs","selected":false,"children":[],"layers":"\/navigation\/27106\/layers","link":"\/r\/boissons\/cave-a-vins\/vins-blancs"},{"name":"Vins ros\u00e9s","code":"R10F02SF03","id":"27107","type":"RAYON","picto":null,"level":3,"sellerId":null,"slug":"vins-roses","selected":false,"children":[],"layers":"\/navigation\/27107\/layers","link":"\/r\/boissons\/cave-a-vins\/vins-roses"},{"name":"Vins \u00e9trangers","code":"R10F02SF04","id":"27139","type":"RAYON","picto":null,"level":3,"sellerId":null,"slug":"vins-etrangers","selected":false,"children":null,"layers":"\/navigation\/27139\/layers","link":"\/r\/boissons\/cave-a-vins\/vins-etrangers"},{"name":"Fontaines \u00e0 vins","code":"R10F02SF05","id":"27140","type":"RAYON","picto":null,"level":3,"sellerId":null,"slug":"fontaines-vins","selected":false,"children":null,"layers":"\/navigation\/27140\/layers","link":"\/r\/boissons\/cave-a-vins\/fontaines-vins"}],"layers":"\/navigation\/27074\/layers","link":"\/r\/boissons\/cave-a-vins"}]},"hero":{"background":"https:\/\/static-cms.carrefour.fr\/sites\/default\/files\/2020-02\/2880x360-ban-plp-alcools.jpg?itok=yWffXxVM","mobileBackground":"https:\/\/static-cms.carrefour.fr\/sites\/default\/files\/2020-02\/2880x360-ban-plp-alcools.jpg?itok=yWffXxVM","heading":"Cave \u00e0 vins","content":null,"sponsorContent":null,"icon":null},"promoBanner":null,"tags":{"description":"Retrouvez toutes nos offres et promotions dans le rayon Cave \u00e0 vins. Faites vos courses en ligne aux m\u00eames prix qu'en magasin et faites vous livrer ou retirez rapidement vos courses dans votre magasin.","twitter_cards_title":"    Cave \u00e0 vins : Boissons pas cher en Livraison et Drive","twitter_description":"Retrouvez toutes nos offres et promotions dans le rayon Cave \u00e0 vins. Faites vos courses en ligne aux m\u00eames prix qu'en magasin et faites vous livrer ou retirez rapidement vos courses dans votre magasin.","og_title":"    Cave \u00e0 vins : Boissons pas cher en Livraison et Drive","og_description":"Retrouvez toutes nos offres et promotions dans le rayon Cave \u00e0 vins. Faites vos courses en ligne aux m\u00eames prix qu'en magasin et faites vous livrer ou retirez rapidement vos courses dans votre magasin.","og_type":"product.group","og_site_name":"Carrefour.fr","og_url":"\/r\/boissons\/cave-a-vins","og_image":"https:\/\/static-cms.carrefour.fr\/sites\/default\/files\/2020-02\/2880x360-ban-plp-alcools.jpg?itok=yWffXxVM","twitter_cards_image":"https:\/\/static-cms.carrefour.fr\/sites\/default\/files\/2020-02\/2880x360-ban-plp-alcools.jpg?itok=yWffXxVM"},"editorialBlocks":[],"paginationBehaviour":{"isInfiniteScrollEnabled":false,"isPrefetchEnabled":true,"infiniteScrollThreshold":1000},"marketplaceGuide":false,"recommendationVars":{"categories":["27070","27074"],"category":"27074"}}},"isAppContext":false,"slotWarning":null,"enableStoreConflict":true,"pay":{"loyaltyPrimePassEnabled":true,"checkoutCart":[],"checkoutStep":"summary","checkoutBasketType":null,"checkoutUserInfo":[],"checkoutOrderInfo":[]},"channel":{"idle":1800,"cutOffConfig":{"timeBeforeNotification":600,"pushDuration":10,"enabled":true}}};
    window.ONECF_INITIAL_STATE.manage.isLoadedUser = false
    
        window.ONECF_INITIAL_STATE.esiEnabled = false
  </script>

  <div id="analytics" is="Analytics"></div>

  
  
      
        <script type="text/javascript" src="/js/manifest.927b47ef9c2ad3348308.js?533423afc72001abb59f"></script>
      
    
      
        <script type="text/javascript" src="/js/vendors.c41a31df2a76957e65b8.js?533423afc72001abb59f"></script>
      
    
      
        <script type="text/javascript" src="/js/common.2014b476c828786320d1.js?533423afc72001abb59f"></script>
      
    
      
        <script type="text/javascript" src="/js/app-translations.c0df935b0ffa26f0b207.js?533423afc72001abb59f"></script>
      
    
      
        <script type="text/javascript" src="/js/app.d0227eac8b3101e74f8f.js?533423afc72001abb59f"></script>
      
    
      
        <script type="text/javascript" src="/js/translations.93de083d5fec7756106c.js?533423afc72001abb59f"></script>
      
    
      
    
  <script>
    if (typeof Object.assign != 'function') {
      // Must be writable: true, enumerable: false, configurable: true
      Object.defineProperty(Object, "assign", {
        value: function assign(target, varArgs) { // .length of function is 2
          'use strict';
          if (target == null) { // TypeError if undefined or null
            throw new TypeError('Cannot convert undefined or null to object');
          }

          var to = Object(target);

          for (var index = 1; index < arguments.length; index++) {
            var nextSource = arguments[index];

            if (nextSource != null) { // Skip over if undefined or null
              for (var nextKey in nextSource) {
                // Avoid bugs when hasOwnProperty is shadowed
                if (Object.prototype.hasOwnProperty.call(nextSource, nextKey)) {
                  to[nextKey] = nextSource[nextKey];
                }
              }
            }
          }
          return to;
        },
        writable: true,
        configurable: true
      });
    }
  </script>
  
      
  <!-- PLP specific tags -->
  <script type="text/javascript">
    var tc_specific_vars = {
      "env_template": "product-list",
      "page_template": "rayon-cat-2",
      "page_name": "cave-a-vins",
      "page_cat1Name": "boissons",
      "page_cat2Name": "cave-a-vins",
      "page_cat3Name": "",
      "page_cat4Name": "",
      "page_cat1ID": "27070",
      "page_cat2ID": "27074",
      "page_cat3ID": "",
      "page_cat4ID": "",
      "products_listName": "cave-a-vins"
    };
  </script>


<!-- Common tags for PLP and SRP -->
<script type="text/javascript">
  var product_attributes;
  tc_vars = Object.assign(tc_vars, tc_specific_vars, {
      "products_listSize": 4655,
      "products_list": []
  });

  try {
    function slugify(str) {
      str = (str || '').replace(/^\s+|\s+$/g, '').toLowerCase();
      var from = "ÁÄÂÀÃÅČÇĆĎÉĚËÈÊẼĔȆÍÌÎÏŇÑÓÖÒÔÕØŘŔŠŤÚŮÜÙÛÝŸŽáäâàãåčçćďéěëèêẽĕȇíìîïňñóöòôõøðřŕšťúůüùûýÿžþÞĐđßÆa·/_,:;";
      var to   = "AAAAAACCCDEEEEEEEEIIIINNOOOOOORRSTUUUUUYYZaaaaaacccdeeeeeeeeiiiinnooooooorrstuuuuuyyzbBDdBAa------";
      for (var i=0, l=from.length; i<l; i++) {
        str = str.replace(new RegExp(from.charAt(i), 'g'), to.charAt(i));
      }
      return str.replace(/[^a-z0-9 -]/g, '').replace(/\s+/g, '-').replace(/-+/g, '-');
    }

    function Ymd(date) {
      if (date){
        var mm = date.getMonth() + 1;
        var dd = date.getDate();
        return [date.getFullYear(),(mm>9 ? '' : '0') + mm, (dd>9 ? '' : '0') + dd].join('');
      }
      return '';
    }

    function getProductType(product) {
      switch (product.type) {
        case 'marketplace':
          return 'mp'
        case 'non-grocery':
          return 'cc'
        case 'product':
        default:
          return 'c'
      }
    }

    function formatProductFields (product, i) {
      var attr = product.attributes,
          productType = getProductType(product);

      return {
        product_ID: product.id,
        product_EAN: attr.ean,
        product_cdBase: attr.cdbase,
        product_name: slugify(attr.title),
        product_brand: slugify(attr.brand),
        product_business: product.type === 'non-grocery' ? 'non-grocery' : 'alimentaire',
        product_type: productType,
        product_vendor: slugify(attr.seller && attr.seller.name),
        product_basePrice: attr.price.price,
        product_price: attr.promotion ? attr.promotion.messageArgs.discountedPrice : attr.price.price,
        product_availability: attr.availability.purchasable ? 1 : 0,
        product_promotionsName: attr.promotion ? slugify(attr.promotion.label) : '',
        product_promotionsDate: attr.promotion && attr.promotion.messageArgs && Ymd(new Date(attr.promotion.messageArgs.startDate)) || '',
        product_promotionsType: attr.promotion ? attr.promotion.type : '',
        product_cat1: attr.categories && attr.categories[0] ? attr.categories[0].slug : '',
        product_cat2: attr.categories && attr.categories[1] ? attr.categories[1].slug : '',
        product_cat3: attr.categories && attr.categories[2] ? attr.categories[2].slug : '',
        product_cat4: attr.categories && attr.categories[3] ? attr.categories[3].slug : '',
        product_cat1ID: attr.categories && attr.categories[0] ? attr.categories[0].id.toLowerCase() : '',
        product_cat2ID: attr.categories && attr.categories[1] ? attr.categories[1].id.toLowerCase() : '',
        product_cat3ID: attr.categories && attr.categories[2] ? attr.categories[2].id.toLowerCase() : '',
        product_cat4ID: attr.categories && attr.categories[3] ? attr.categories[3].id.toLowerCase() : '',
        product_crossSell: 0,
        product_position: i + 1,
        product_url: product.type === 'product' ? '' : product.links.self,
        product_vendor: attr.seller ? slugify(attr.seller) : '',
        product_mpn: attr.mpn || '',
      }
    }

    var products = ONECF_INITIAL_STATE && ONECF_INITIAL_STATE.search && ONECF_INITIAL_STATE.search.data || [];
    for (var i = 0, len = products.length; i < len; i++) {
      tc_vars['products_list'].push(formatProductFields(products[i], i));
    }
  } catch(e) {
    console.error(e.message)
  }
</script>



  
      <script rel="javascript" src="/tagcommander.js?position=body" defer="defer"></script>
    <style>
        .svg-icons-sprites {
          display: none;
          position: fixed;
          width: 0;
          height: 0;
          bottom: 0;
          left: 0;
          overflow: hidden;
        }
      </style>
      <div class="svg-icons-sprites">
        <svg id="sprite-defs" xmlns="http://www.w3.org/2000/svg" xmlns:xlink="http://www.w3.org/1999/xlink"><defs><symbol viewBox="0 0 21 12" id="i07"><path d="M.58 6.236c.06.152.157.28.278.384l4.787 4.787A.999.999 0 107.06 9.993L3.94 6.875l15.97.008a1 1 0 00.001-2L3.89 4.875l3.17-3.168A.999.999 0 006.352 0a1 1 0 00-.707.292L.793 5.14A1 1 0 00.58 6.236" ></path></symbol><symbol viewBox="0 0 24 21" id="i21"><path d="M11.501 17.91a1.539 1.539 0 110 3.079 1.539 1.539 0 010-3.078zm6.154 0a1.539 1.539 0 11-.001 3.079 1.539 1.539 0 01.001-3.078zM1.141.028l.111.035 4.346 1.656a.927.927 0 01.516.488l.043.115.645 2.2h16.275a.925.925 0 01.918 1.013l-.02.118-2.26 9.735a.923.923 0 01-.783.708l-.116.007H8.97a.923.923 0 01-.844-.549l-.042-.114-3.57-12.158L.596 1.786A.923.923 0 011.14.026zm20.773 6.34h-3.077l-1.321 7.89h2.567l1.831-7.89zm-11.196 0H7.343l2.316 7.89h2.38l-1.321-7.89zm6.247 0H12.59l1.32 7.89h1.735l1.32-7.89z" ></path></symbol><symbol viewBox="0 0 23 20" id="i23"><path d="M1.779 8.859c.001 0 .788 2.514 2.978 4.33l6.421 5.117 6.434-5.127c2.196-1.822 2.967-4.326 2.974-4.351 1.342-5.297-2.602-6.873-2.771-6.938-4.305-1.577-5.878 2.147-5.942 2.305-.231.565-1.157.565-1.388.003C10.319 3.8 8.742.35 4.535 1.893 4.373 1.955.428 3.53 1.779 8.859m9.399 11.156a.746.746 0 01-.467-.163l-6.902-5.5C1.246 12.226.37 9.38.334 9.26-1.364 2.567 3.962.505 4.016.485 7.608-.83 9.982.782 11.178 2.408 12.374.78 14.746-.832 18.338.484c.057.02 5.382 2.083 3.693 8.744-.044.15-.92 2.997-3.472 5.115l-6.913 5.509a.75.75 0 01-.468.163" ></path></symbol><symbol viewBox="0 0 18 20" id="i25"><path d="M12.177 14.15c2.452 0 4.596 1.946 5.211 4.733a.75.75 0 11-1.465.323c-.462-2.094-2.003-3.556-3.746-3.556H5.823c-1.744 0-3.284 1.462-3.747 3.556a.75.75 0 11-1.464-.323c.615-2.787 2.758-4.733 5.211-4.733zM9 .248a5.537 5.537 0 015.531 5.53v1.497a5.537 5.537 0 01-5.53 5.53 5.537 5.537 0 01-5.533-5.53V5.779A5.537 5.537 0 019 .248zm0 1.5a4.036 4.036 0 00-4.032 4.03v1.497c0 2.223 1.81 4.03 4.032 4.03s4.031-1.807 4.031-4.03V5.779a4.035 4.035 0 00-4.03-4.031z" ></path></symbol><symbol viewBox="0 0 23.5 22.499" id="i54"><path d="M22.917 10.08l-2.275-1.72.83-2.729A1.467 1.467 0 0020.1 3.737l-2.851-.051-.93-2.7a1.468 1.468 0 00-2.232-.721L11.75 1.9 9.413.265a1.468 1.468 0 00-2.228.723l-.93 2.7-2.855.049a1.468 1.468 0 00-1.373 1.894l.83 2.729-2.274 1.719a1.467 1.467 0 000 2.341l2.274 1.719-.83 2.729A1.468 1.468 0 003.4 18.762l2.851.052.93 2.7a1.469 1.469 0 002.228.725L11.75 20.6l2.339 1.637a1.467 1.467 0 002.226-.726l.93-2.7 2.851-.053a1.466 1.466 0 001.376-1.893l-.83-2.729 2.276-1.72a1.465 1.465 0 000-2.339zm-3.6 3.178a.75.75 0 00-.265.817l1.014 3.186-3.376.062a.749.749 0 00-.7.506l-1.05 3.176-2.76-1.936a.752.752 0 00-.86 0L8.6 21.021l-1.1-3.192a.749.749 0 00-.695-.506l-3.344-.018.982-3.23a.75.75 0 00-.265-.817l-2.691-1.982L4.18 9.241a.75.75 0 00.265-.817L3.431 5.237l3.376-.062a.748.748 0 00.695-.5l1.05-3.176 2.768 1.932a.752.752 0 00.86 0l2.72-1.953L16 4.671a.75.75 0 00.7.5l3.345.018-.983 3.23a.75.75 0 00.265.817l2.658 2.009z" ></path><path d="M9.068 10.5a1.909 1.909 0 001.906-1.893 1.907 1.907 0 00-1.893-1.92h-.013a1.909 1.909 0 00-1.907 1.891A1.91 1.91 0 009.055 10.5zm-.907-1.915a.909.909 0 01.914-.9.907.907 0 01.9.913.952.952 0 01-.912.9.909.909 0 01-.902-.913zm4.721 3.723a1.91 1.91 0 00-.018 2.7 1.907 1.907 0 10.018-2.7zm1.976 2a.907.907 0 11.009-1.282.908.908 0 01-.009 1.285zm.347-7.566a.5.5 0 00-.7.088L8 15.2a.5.5 0 10.789.614l6.508-8.371a.5.5 0 00-.092-.701z" ></path></symbol><symbol viewBox="0 0 17 24" id="i58"><path d="M15.473 3.746h-.806V1.59c0-.878-.683-1.59-1.527-1.59a1.45 1.45 0 00-.45.07L1.136 3.793a.676.676 0 00-.154.073c-.59.23-.981.817-.982 1.473V22.41C.002 23.288.685 24 1.527 24h13.946c.843-.001 1.527-.712 1.527-1.59V5.338c0-.88-.683-1.591-1.527-1.592zm0 18.735L1.46 22.41l.064-17.13c.012 0 .02-.012.032-.014h13.918l.068.072-.068 17.142zM13.48 19c.288 0 .521.224.521.5s-.233.5-.52.5H4.52c-.287 0-.52-.224-.52-.5s.233-.5.52-.5zm-8.958-3h8.958a.51.51 0 01.521.5c0 .245-.184.45-.427.492L13.48 17H4.521A.51.51 0 014 16.5c0-.245.184-.45.427-.492L4.521 16h8.958zm1.45-8c.017.001.029.017.029.038a.076.076 0 01-.016.04c-.474.676-.732 1.537-.728 2.426-.005.885.254 1.743.728 2.413.009.012.015.026.016.041.002.022-.011.04-.029.042l-.016-.007-.014-.013-1.795-2.121a.456.456 0 01-.071-.087.53.53 0 01.016-.57l.055-.06L5.94 8.018A.05.05 0 015.97 8zm2.186 0c.5 0 .927.284.927.518a.19.19 0 01-.064.142.897.897 0 00-.33.638.667.667 0 00.64.652.67.67 0 00.673-.741c-.013-.356-.139-.701-.363-.986l-.007-.015-.004-.018a.035.035 0 01.032-.038l.022.006.017.015 2.126 1.989a.413.413 0 01.065.616l-.065.058L9.7 12.828l-.017.014-.022.006a.034.034 0 01-.032-.037.086.086 0 01.011-.035 1.69 1.69 0 00.364-.986.675.675 0 00-.673-.74.669.669 0 00-.642.653.899.899 0 00.331.638.19.19 0 01.064.142c-.001.233-.427.517-.927.517C7.325 13 7 11.868 7 10.506 7 9.144 7.325 8 8.157 8zm4.964-6.482l.088.067v2.667H4.637l8.484-2.734z" ></path></symbol><symbol viewBox="0 0 24 24" id="i61"><path d="M21.266 14.194a4.546 4.546 0 011.454 3.326 4.533 4.533 0 01-4.527 4.527l-.02-.004-.019-.004.537.537a.5.5 0 01-.638.764l-.07-.057-1.381-1.383a.5.5 0 01-.052-.647l.052-.06 1.382-1.381a.5.5 0 01.763.637l-.056.07-.536.535c.013 0 .024-.007.038-.007a3.527 3.527 0 002.393-6.118.5.5 0 11.68-.735zm-9.62-12.792a4.401 4.401 0 016.603 3.817v.012h3.328c.423.001.828.174 1.12.48.292.306.446.718.426 1.14l-.273 5.592a.748.748 0 01-.748.748.692.692 0 01-.084-.017.763.763 0 01-.206-.041.75.75 0 01-.205-.138c-.01-.008-.022-.012-.03-.02a.744.744 0 01-.222-.524l-.002-.001v-.01l.272-5.66-3.376-.01v1.863a.5.5 0 11-1 0V6.767l-6.803-.021v1.887a.5.5 0 11-1 0v-1.89l-3.378-.01.585 12.195a2.801 2.801 0 002.857 2.756h3.39a.75.75 0 110 1.5H9.51a4.294 4.294 0 01-4.356-4.22l-.158-3.299H3.5a.5.5 0 110-1h1.448l-.04-.833H2.699a.5.5 0 110-1h2.16l-.04-.848H1.375a.5.5 0 110-1h3.396l-.213-4.437A1.255 1.255 0 015.812 5.23h3.634v-.01a4.401 4.401 0 012.2-3.817zm6.28 10.507l.07.057 1.381 1.382a.5.5 0 01.051.647l-.05.06-1.383 1.381a.5.5 0 01-.764-.639l.057-.068.536-.536c-.013.001-.025.008-.039.008a3.527 3.527 0 00-2.393 6.118.5.5 0 11-.678.735 4.527 4.527 0 013.071-7.853l.02.004.02.004-.537-.536a.5.5 0 01.638-.764zm-2.376-9.64a3.401 3.401 0 00-5.104 2.95v.012h6.803V5.22a3.401 3.401 0 00-1.699-2.95z" ></path></symbol><symbol viewBox="0 0 40 33" id="i63"><path d="M35.691 1.613h.018-.018zm0 1.277H4.307c-.95 0-1.755 1.003-1.755 2.19v22.853c.002.615.205 1.185.576 1.609.326.374.743.58 1.174.582h31.391c.95 0 1.755-1.003 1.755-2.19L37.446 5.08c0-.613-.203-1.185-.576-1.61-.325-.375-.74-.58-1.172-.581h-.007zm3.103-1.1C39.573 2.68 40 3.849 40 5.08v22.853c0 2.617-1.93 4.745-4.309 4.745H4.287c-1.172-.005-2.264-.522-3.081-1.453C.426 30.335 0 29.165 0 27.933V5.081C-.002 2.464 1.93.336 4.309.336H35.69c1.135-.043 2.284.516 3.103 1.455zm-19.57 7.416c-2.356 0-3.279 3.34-3.279 7.32 0 3.984.923 7.28 3.28 7.28 1.413 0 2.62-.83 2.623-1.51a.569.569 0 00-.182-.415c-.67-.648-.931-1.295-.935-1.867-.004-1.09.942-1.902 1.813-1.902 1.2 0 1.908.942 1.908 2.163 0 1.156-.494 2.12-1.03 2.889a.2.2 0 00-.03.098c.002.06.036.11.09.11.031 0 .07-.016.111-.059l6.023-5.82c.299-.259.491-.558.491-.986 0-.429-.192-.728-.491-.985L23.593 9.7c-.04-.041-.08-.06-.11-.06-.055 0-.09.05-.09.111 0 .03.01.066.03.098.535.77 1.029 1.735 1.029 2.89 0 1.22-.707 2.163-1.908 2.163-.87 0-1.817-.812-1.813-1.904.004-.57.265-1.218.935-1.864a.573.573 0 00.182-.417c-.004-.682-1.21-1.51-2.624-1.51zm-4.52.438a.13.13 0 00-.07.024l-.039.031-6.02 5.825c-.3.254-.49.554-.49.983 0 .374.146.65.383.886l.107.099 6.02 5.82c.04.042.077.056.109.056.057 0 .096-.052.094-.112a.173.173 0 00-.053-.112c-1.412-1.757-2.44-3.77-2.44-6.617 0-2.849 1.028-4.9 2.44-6.658a.166.166 0 00.053-.113c.002-.06-.037-.112-.094-.112z" ></path></symbol><symbol viewBox="0 0 36 36" id="i83">
  <path d="M35.143 15.76L20.318.947A3.207 3.207 0 0018.03 0a3.207 3.207 0 00-2.288.947L.918 15.76a3.231 3.231 0 000 4.51l14.824 14.813a3.238 3.238 0 004.516 0l14.824-14.812a3.231 3.231 0 000-4.511h.06zM18.03 2.256c.259.004.506.106.692.285L33.547 17.37a.962.962 0 01.286.676 1.022 1.022 0 01-.286.692v.03L18.722 33.58a.994.994 0 01-1.384 0L2.513 18.737a1.022 1.022 0 01-.286-.692.962.962 0 01.286-.676L17.353 2.54a.964.964 0 01.677-.285zm1.28 8.24c-2.789 0-5.2 1.94-5.795 4.662h-1.791a1.128 1.128 0 100 2.256h1.79v1.158h-1.79a1.128 1.128 0 100 2.255h1.79a5.949 5.949 0 009.602 3.399 1.145 1.145 0 10-1.504-1.73l.105.06a3.78 3.78 0 01-2.347.828 3.657 3.657 0 01-3.477-2.497h3.552a1.128 1.128 0 100-2.255h-3.748v-1.158h3.748a1.128 1.128 0 100-2.256h-3.567a3.657 3.657 0 013.492-2.541 3.72 3.72 0 012.062.616 1.13 1.13 0 001.505-.3 1.142 1.142 0 00-.301-1.504 6.024 6.024 0 00-3.327-.993z" ></path>
</symbol></defs></svg>
      </div></body>
</html>